2578 3714
1148 149 1490 194 -32-

366 281 656 338 interpolator.
719 280 803 334 Qui
847 279 1168 334 Ταλαιμένεος
1206 281 1525 329 substituerunt,
1570 284 1612 324 in
1649 281 1878 326 subsidium
1919 289 2119 325 vocarunt
2162 285 2257 324 Τα-

365 356 604 398 λαϊονίδαο
634 355 668 397 Β
700 361 797 399 566.
837 359 884 397 Ψ
909 360 1007 398 678.

486 435 676 488 Denique
709 448 745 474 v.
778 437 863 475 876
892 446 952 487 sq.
985 435 1148 474 consuti
1178 439 1273 474 sunt

486 523 537 550 ex
570 506 612 553 Ξ
636 510 721 550 425
752 502 1058 561 Σαρπηδών
1087 503 1121 550 τ’
1151 504 1301 562 ἀρχὸς
1331 507 1535 550 Λυκίων
1564 507 1648 550 καὶ
1678 509 1912 557 Γλαῦκος
1941 504 2152 562 ἀμύμων

483 591 525 625 et
555 586 596 625 Ε
623 585 706 625 479
736 584 887 636 τηλοῦ
915 580 995 636 γὰρ
1026 583 1215 637 Λυκίη,
1248 580 1444 641 Ξάνθῳ
1474 581 1542 626 ἔπι
1570 580 1824 638 dcvii-svn,-

369 658 441 701 cl'r.
478 657 520 705 Ξ
543 660 639 700 434.
675 659 716 700 Φ
746 660 772 701 2
805 664 845 701 et
875 671 999 715 supra
1029 655 1065 701 B
1098 660 1197 703 659.

482 733 546 776 Ex
578 734 700 776 sociis
732 733 771 776 K
803 736 1025 777 428—431
1062 735 1313 777 enumeratis
1351 735 1437 792 jam
1474 735 1580 778 duos
1618 735 1797 793 relinqui
1826 741 1999 793 apparet
2030 734 2182 778 Cares
2216 743 2254 778 et

367 809 613 866 LelegeS,
658 824 837 866 quorum
869 810 943 852 hos
974 809 1097 852 etiam
1135 812 1173 851 Y
1197 812 1251 852 96
1283 801 1515 853 nominatos
1546 824 1622 853 cur
1651 810 1807 854 inferre
1836 811 2018 855 noluerit
2046 811 2256 862 falsarius,

368 887 528 928 nescio:
559 899 635 927 suo
667 899 783 925 more
814 886 940 932 enim.
973 899 1223 943 quamquam
1254 900 1457 943 nusquam
1488 886 1590 928 dux
1622 900 1769 930 eorum
1799 887 1952 930 diserte
1983 888 2175 938 affertur,
2207 889 2255 929 iis

366 962 478 1004 abuti
500 969 677 1016 poterat.
708 975 814 1016 quae
844 963 885 1001 Φ
906 964 961 1003 86
981 975 1043 1017 sq.
1066 961 1118 1004 de
1139 961 1254 1003 Alte
1275 976 1420 1004 eorum
1443 976 1559 1018 rege
1580 970 1814 1006 narrantur.
1845 962 1913 1006 Ad
1935 962 2063 1006 Cares
2085 977 2185 1005 vero
2206 964 2253 1004 il-

365 1035 596 1079 lustrandos
614 1035 836 1092 plagiarius
858 1036 997 1080 nescio
1019 1035 1129 1080 unde
1149 1036 1362 1093 egregium
1380 1037 1539 1081 furatus
1556 1043 1644 1081 erat
1659 1036 1935 1095 fragmentum
1954 1053 1991 1081 v.
2011 1040 2252 1085 867—875.

363 1110 474 1168 quod
507 1111 636 1154 tribus
670 1117 889 1154 ternorum
919 1123 1112 1155 versuum
1142 1111 1323 1170 strophis
1354 1112 1631 1170 compositum
1663 1119 1704 1157 et
1731 1112 1783 1158 ad
1815 1127 1852 1157 v.
1881 1115 2108 1158 658—669
2137 1127 2252 1157 acce-

363 1188 421 1230 dit
442 1187 751 1230 similitudinem
779 1194 819 1230 et
850 1186 1045 1242 singulari
1077 1188 1246 1232 omnino
1278 1188 1428 1232 virtute
1458 1188 1499 1232 in
1530 1188 1674 1232 mediis
1705 1188 1767 1233 his
1792 1188 2036 1233 centonibus
2062 1189 2252 1247 exsplen-

362 1264 501 1304 descit.
541 1256 543 1259 ’
574 1263 666 1304 Nec
709 1264 844 1304 minus
882 1263 1012 1302 bonae
1051 1275 1302 1320 quamquam
1344 1264 1531 1305 diversae
1569 1263 1718 1305 indolis
1756 1277 1847 1306 esse
1889 1270 2001 1321 patet
2040 1265 2252 1322 stropham

363 1340 637 1395 quintariam,
670 1354 751 1395 qua
782 1354 819 1379 v.
846 1341 1072 1379 851—855
1103 1352 1275 1394 prorsus
1306 1338 1494 1390 Boeotici
1524 1344 1670 1396 poetae
1701 1353 1816 1381 more
1847 1341 2054 1397 modoque
2084 1341 2137 1382 de
2167 1342 2252 1381 Pa-

363 1417 668 1470 phlagonum
691 1417 819 1470 patria
844 1416 1081 1470 exponitur,
1111 1429 1290 1471 quorum
1310 1415 1397 1457 dux
1418 1415 1685 1473 Pylaemeues
1706 1417 1942 1458 nominatur
1956 1417 2042 1473 jam
2065 1424 2252 1457 veterum

365 1493 659 1535 controversiis
687 1493 884 1548 jactatus,
916 1493 1069 1549 quippe
1100 1494 1172 1549 qui
1201 1491 1235 1535 E
1267 1495 1495 1536 576—579
1516 1492 1757 1535 interfectus
1788 1500 1923 1535 tamen
1954 1492 1996 1535 N
2025 1496 2251 1535 eta—659

363 1568 490 1612 filium
529 1567 823 1625 Harpalionem
860 1568 997 1624 lugeat
1035 1569 1077 1611 in
1116 1583 1193 1612 suo
1233 1577 1459 1625 conspectu
1498 1569 1702 1612 occisum!
1763 1567 1940 1612 Locutio
1970 1568 2109 1625 paullo
2139 1569 2251 1611 inso-

363 1646 513 1687 lentior
536 1643 684 1686 λάσιον
703 1646 782 1699 κῆρ
814 1644 960 1687 eodem
992 1644 1118 1687 modo
1150 1645 1270 1687 etiam
1303 1646 1347 1686 11
1377 1646 1462 1687 554
1492 1644 1654 1701 legitur.
1702 1642 1819 1687 Haec
1840 1644 1924 1687 duo
1948 1644 2123 1702 catalogi
2144 1642 2251 1687 Tro-

362 1722 449 1776 jani
478 1721 663 1763 membra
687 1721 773 1762 sola
800 1722 1075 1777 antiquiorem
1099 1721 1281 1776 produnt
1303 1734 1632 1778 geuerosamque
1651 1720 1842 1776 stirpem,
1874 1734 2053 1777 quorum
2077 1721 2251 1762 alterum

364 1805 503 1838 utrum
534 1798 568 1838 si
600 1797 691 1852 quis
724 1810 778 1838 ex
812 1795 1062 1853 Cypriorum
1094 1797 1284 1854 catalogo
1315 1803 1559 1852 excerptum
1590 1796 1817 1852 putaverit,
1851 1810 1938 1838 rem
1971 1796 2165 1853 proponit
2197 1796 2248 1837 ad

363 1872 617 1914 credendum
650 1886 774 1928 quam
806 1872 856 1913 ad
889 1871 1254 1914 demonstrandum
1285 1871 1528 1914 faciliorem.

478 1946 605 1989 Certe
623 1963 731 2003 quae
747 1955 968 2003 supersunt
990 1948 1067 1990 tria
1092 1947 1276 1990 membra
1295 1973 1346 1979 —
1365 1963 1403 1989 v.
1421 1950 1664 1990 824—830.
1686 1950 1914 1990 835-837
1932 1973 1999 1996 —‚
2022 1962 2073 1989 eo
2090 1947 2250 1989 diversa

359 2041 380 2066 a
413 2024 537 2081 primi
568 2023 733 2079 generis
764 2022 1170 2079 interpolationibus,
1215 2023 1324 2081 quod
1358 2022 1504 2076 urbes,
1537 2038 1619 2066 non
1650 2031 1793 2080 gentes
1825 2024 2109 2072 nominantur,
2140 2023 2249 2066 baud

360 2100 543 2142 melioris
575 2107 671 2142 sunt
701 2106 885 2141 naturae.
933 2098 1222 2156 Conglutinata
1253 2107 1391 2143 autem
1424 2099 1616 2143 videntur
1646 2098 1697 2142 ab
1728 2099 1893 2143 homine
1924 2099 2127 2143 Asiaticae
2148 2113 2247 2156 geo-

361 2177 559 2233 graphiae
591 2190 673 2218 non
705 2177 852 2233 ignaro
883 2175 934 2217 ad
964 2176 1049 2218 illas
1080 2175 1354 2233 supplendas,
1394 2176 1589 2233 quoniam
1619 2177 1661 2217 in
1692 2176 1742 2219 iis
1774 2175 1899 2218 duces
1929 2175 2094 2233 quidam
2127 2182 2245 2219 nota·

359 2253 460 2308 biles
502 2253 642 2294 omissi
684 2251 943 2293 videbantur.
1003 2254 1162 2294 Horum
1202 2253 1363 2309 primus
1408 2251 1672 2294 Pandarus
1717 2260 1801 2303 est,
1849 2254 1901 2294 de
1937 2266 2021 2309 quo
2063 2266 2168 2309 quae
2209 2267 2246 2292 v.

359 2332 588 2372 824—827
619 2329 832 2384 leguntur,
867 2329 908 2369 in
939 2329 984 2370 iis
1015 2344 1068 2370 ex
1101 2333 1141 2370 A
1175 2332 1266 2371 103.
1303 2332 1377 2370 121
1414 2328 1513 2370 urbs
1545 2326 1716 2370 Zeleia
1748 2328 1962 2384 desumpta
1995 2336 2074 2376 est.
2106 2326 2247 2369 ἔναιον

359 2421 412 2447 ex
434 2403 467 2446 B
491 2408 596 2451 511,
628 2401 740 2446 πόδα
770 2404 939 2446 νείατον
969 2419 1017 2448 ex
1053 2405 1180 2461 epigt.
1208 2402 1335 2446 Hom.
1369 2403 1419 2446 ad
1445 2401 1690 2446 Neonteich.
1713 2406 1757 2451 3,
1793 2407 2011 2460 Aesepus
2043 2418 2095 2445 ex
2119 2407 2160 2445 Δ
2182 2406 2247 2449 91,

361 2478 583 2531 Λυκάονος
612 2478 770 2536 ἀγλαὸς
798 2478 893 2531 υἱὸς
923 2496 974 2523 ex
1003 2480 1037 2524 E
1060 2484 1126 2523 95.
1152 2485 1254 2532 101;
1286 2478 1415 2536 μέλαν
1443 2477 1558 2534 ὕδωρ
1593 2479 1800 2522 Πίνουσαι
1831 2495 1855 2521 v
1880 2482 1964 2523 409
1987 2494 2047 2537 sq.
2079 2479 2247 2536 legitur3

357 2558 443 2599 τῶν
473 2550 563 2599 αὖτ’
595 2550 694 2613 ἦρχε
727 2555 946 2599 Boeotiam
977 2558 1100 2614 sapit,
1132 2566 1172 2600 et
1202 2554 1370 2611 ἀφνειοί
1399 2556 1473 2612 ipsi
1507 2555 1656 2613 milites
1685 2555 1857 2599 audiunt
1886 2563 2106 2612 propterea
2137 2555 2249 2612 quod

359 2633 444 2675 dux
478 2631 512 2674 E
546 2635 625 2676 193
657 2647 748 2691 sqq.
781 2631 832 2675 de
863 2632 987 2689 patris
1027 2632 1152 2675 domo
1192 2632 1246 2676 ita
1287 2631 1485 2679 narravit,
1534 2638 1578 2675 ut
1615 2630 1712 2689 jure
1748 2631 1840 2689 quis
1881 2630 2131 2675 concluserit
2161 2645 2249 2674 esse

359 2711 399 2751 in
431 2724 478 2751 ea
514 2734 562 2740 --
598 2708 703 2752 ἄλλα
733 2725 776 2751 τε
805 2706 959 2758 πολλά,
1002 2706 1110 2752 οἷσίν
1148 2705 1180 2750 τ’
1221 2702 1270 2751 εὖ
1309 2705 1461 2760 ζώουσι
1490 2708 1558 2750 καὶ
1589 2704 1800 2762 ἀφνειοὶ
1828 2704 2045 2750 καλέονται
2079 2707 2117 2760 (ρ
2148 2710 2244 2750 423.

355 2800 377 2824 τ
409 2786 490 2839 79).
544 2784 666 2838 Quod
701 2799 737 2827 ν.
773 2788 857 2827 827
890 2784 1040 2840 Apollo
1071 2785 1158 2840 ipse
1188 2783 1382 2827 Pandaro
1412 2797 1554 2826 arcum
1585 2783 1746 2826 dedisse
1776 2782 1943 2831 dicitur,
1974 2782 2015 2825 id
2037 2779 2248 2840 quomodo

356 2875 450 2903 cum
486 2865 526 2903 A
560 2864 640 2904 105
672 2875 760 2918 sqq.
794 2860 1007 2904 conciliari
1036 2860 1183 2917 possit,
1229 2859 1315 2916 jam
1346 2860 1503 2915 antiqui
1533 2859 1694 2902 λυτικοί
1723 2859 2035 2916 quaesiverunt:
2085 2858 2249 2901 divinae

356 2936 666 2981 munificentiae
698 2952 818 2980 causa
851 2937 940 2980 sine
971 2935 1097 2980 dubio
1124 2949 1268 2992 preces
1289 2942 1404 2987 sunt,
1436 2949 1538 2991 quas
1567 2933 1780 2979 Pandarus
1808 2936 2021 2979 Minervae
2050 2935 2171 2992 Jussu
2200 2935 2249 2977 ad
