2578 3714
1134 189 1429 234 ,33-

323 323 559 380 Apollinem
588 321 724 366 fundit
754 327 795 364 A
829 326 922 366 101.
961 326 1055 367 119.
1118 323 1355 381 Qumquam
1384 323 1528 380 quaeri
1557 317 1715 379 potest,
1749 336 1846 365 num
1877 325 2032 379 primus
2051 335 2195 369 auctor

322 398 427 441 hanc
449 395 657 442 fictionem
677 396 897 451 addiderit;
927 399 999 457 qui
1017 411 1146 456 quum
1176 397 1304 444 ternis
1335 396 1519 443 versibus
1549 396 1714 454 gavisus
1744 409 1833 441 esse
1858 395 2055 448 videatur,
2085 399 2192 446 haud

323 474 409 514 scio
440 486 491 514 an
523 473 601 515 hoc
631 473 756 516 tertio
787 480 1004 517 contentus
1034 474 1183 518 fuerit:

610 551 695 591 τῶν
723 542 780 590 αὖ
810 548 1035 604 Πάνδαρος
1063 543 1184 605 ἦρχε,
1215 546 1437 598 Λυκάονος
1463 540 1621 604 &rauce
1648 547 1749 598 υἱός.

325 624 461 675 Quem
496 625 570 680 qui
598 624 883 679 amplificavit,
929 624 1108 667 Pandari
1139 624 1286 667 milites
1317 637 1399 666 non
1437 608 1615 686 Lycios
1653 637 1762 675 esse,
1807 621 1963 681 ¹quippe
1993 625 2063 681 qui
2093 625 2197 666 iufra

324 706 666 751 memorarentur,
697 699 769 743 sed
790 698 887 742 Tro
901 703 1054 757 janos
1075 715 1246 744 mouere
1268 699 1448 744 volebat:
1480 693 1571 743 »ὧν
1598 698 1676 755 τὴν
1704 699 1781 760 μὲν
1810 697 1952 754 χώραν
1978 703 2095 743 καλεῖ
2113 704 2198 742 Λυ-

321 776 435 821 κίαν.
482 772 584 824 τοὺς
612 773 658 817 δὲ
688 772 907 830 οἰκήτορας
941 778 1114 831 Τρῶαςι(
1146 776 1364 819 scholiasta
1394 776 1448 819 ait
1477 776 1697 835 lyticorum
1729 775 1960 818 doctrinam
1990 775 2195 825 referens,

324 864 417 893 cum
448 849 658 894 Pandarus
687 859 728 894 et
759 855 800 893 A
833 855 912 895 105
942 865 988 895 se
1016 849 1308 908 ἀπορνύμενον
1338 852 1551 907 Λυκίηθεν
1581 851 1690 895 dicat
1722 859 1763 894 et
1802 850 1903 894 ibid.
1951 854 2031 894 173
2073 852 2199 908 glori-

322 941 394 969 ans
434 926 721 970 introducatur
762 928 964 972 neminem
1006 926 1052 971 ἐν
1088 928 1221 984 Λυκίῃ
1259 927 1474 984 sagittandi
1510 937 1599 971 arte
1635 941 1681 971 se
1716 927 1976 984 superiorem
2010 942 2111 972 esse.
2147 955 2197 960 —

324 1003 429 1044 Tum
466 1003 750 1045 Adrasteae
788 1003 879 1046 urbi
913 1018 1006 1046 cum
1036 1018 1109 1045 sua
1138 1004 1284 1046 vicinia
1317 1003 1838 1061 Adrastumpquendam
1867 1002 2027 1045 affinxit
2066 1029 2117 1034 —
2159 1014 2198 1045 et

325 1080 491 1132 quidni?
537 1094 631 1119 cum
669 1079 703 1119 Z
735 1084 904 1120 37—65
934 1081 1080 1134 aliquis
1111 1080 1214 1134 ejus·
1235 1080 1410 1120 nominis
1439 1078 1710 1120 interficiatur
1741 1102 1816 1124 -,
1862 1080 1928 1119 cui
1959 1080 2198 1136 Amphius

323 1154 485 1196 additur
505 1155 593 1195 sine
614 1154 741 1195 dubio
771 1154 898 1202 idem.
930 1156 1003 1209 qui
1020 1154 1055 1196 E
1078 1158 1161 1196 612
1182 1154 1396 1205 occiditur,
1426 1144 1623 1205 Σελάγου
1650 1152 1759 1204 υἱός,
1793 1152 1840 1202 ὅς
1868 1152 1904 1207 ῤ’
1936 1154 1998 1195 ἐνὶ
2026 1158 2198 1212 Παισῷ

325 1232 450 1279 Ναῖε,
483 1244 731 1285 quamquam
759 1230 885 1272 schol.
908 1229 945 1271 A
966 1229 1018 1271 ad
1040 1232 1122 1272 830
1152 1225 1450 1282 λινοθώρηξ,
1481 1230 1550 1276 ait,
1580 1226 1647 1270 ὅτι
1675 1230 1743 1270 καὶ
1771 1228 1910 1283 ἕτερος
1930 1228 2110 1284 ’Ἄμφιος
2140 1230 2197 1271 οὐ

328 1303 590 1357 Περκωσίου,
638 1299 763 1346 ἀλλὰ
806 1301 1045 1358 Σελάγου
1083 1300 1175 1353 υἱός
1217 1303 1287 1359 (sic
1326 1300 1613 1354 scribendum,
1656 1302 1780 1358 vulgo
1821 1311 1976 1348 tantum
2014 1301 2195 1360 Ἀμφιος

327 1377 653 1435 Περκώσιος,
696 1376 908 1423 Ἐλάτου
935 1376 1027 1430 υἱός
1057 1379 1238 1437 legitur),
1283 1386 1544 1423 transversus
1574 1384 1691 1423 actus
1725 1391 1767 1421 v.
1799 1381 2046 1430 831-834,
2092 1395 2196 1438 quos

324 1458 545 1500 novissima
583 1470 725 1500 manus
765 1470 818 1499 ex
858 1459 896 1498 A
925 1458 1152 1500 331-334
1187 1455 1452 1499 insulsissime
1492 1454 1573 1498 huc
1612 1454 1836 1505 transtulit,
1883 1455 1960 1500 nisi
1996 1454 2047 1499 ab
2083 1456 2197 1500 initio

324 1541 481 1575 tantum
511 1535 560 1575 ad
597 1534 883 1575 illustrandum
915 1531 1141 1588 Περκώτην
1181 1534 1265 1574 835
1300 1532 1493 1589 adscripti
1528 1539 1656 1574 eraut.
1718 1532 1888 1589 Singula
1919 1532 2045 1575 verba
2076 1534 2196 1576 solito

324 1610 498 1652 artificio
521 1609 718 1650 Boeotiae
739 1610 961 1664 surripuit,
995 1617 1040 1650 ut
1061 1610 1195 1662 δῆμον
1215 1623 1269 1650 ex
1289 1622 1329 1650 v.
1351 1611 1444 1656 547,
1476 1606 1576 1662 ὄρος
1605 1606 1707 1649 αἰπύ
1740 1622 1792 1650 ex
1826 1611 1931 1656 603,
1963 1607 2198 1664 λινοθώρηξ

324 1700 374 1728 ex
407 1687 503 1727 529.
567 1684 788 1727 Postremo
819 1684 991 1728 Asium
1021 1683 1219 1741 produxit
1249 1699 1300 1727 ex
1332 1683 1661 1740 epinausimache
1692 1690 1856 1731 notum,
1894 1685 1962 1727 cui
1992 1683 2197 1728 Percoten

325 1775 375 1802 ex
409 1763 449 1801 A
478 1763 575 1802 229.
622 1763 661 1801 A
692 1763 793 1808 548,
843 1760 1049 1803 Praetium
1081 1774 1175 1803 cum
1210 1761 1330 1805 Sesto
1368 1767 1407 1802 et
1440 1759 1591 1818 Abydo
1628 1760 1851 1802 notissimis
1890 1759 2063 1804 urbibus
2094 1760 2200 1804 nulla

327 1837 461 1879 uiadis
491 1837 736 1879 auctoritate
764 1836 1013 1892 adsignavit,
1047 1836 1124 1879 nisi
1153 1836 1262 1879 forte
1291 1836 1494 1879 succurrit
1526 1837 1565 1876 P
1589 1837 1696 1885 584,
1736 1835 1808 1878 ubi
1838 1836 2029 1893 Phenops
2061 1838 2200 1879 Asia-

326 1913 410 1956 des
432 1921 686 1955 memoratur
712 1909 950 1968 Ἀβυδό-θι
980 1910 1151 1967 δώματα
1174 1913 1315 1954 ναίων.
1363 1901 1445 1956 Sed
1466 1910 1661 1955 Arisbam
1683 1926 1736 1954 ex
1758 1912 1803 1955 Μ
1825 1914 1879 1955 96
1902 1926 1961 1970 sq.
1983 1912 2203 1970 depromp-

325 1991 397 2033 sit.
430 2001 534 2045 quos
565 1989 678 2044 ipsos
708 2001 852 2048 versus
882 1989 984 2031 alius
1014 1995 1155 2045 postea
1185 1988 1291 2030 male
1321 1995 1412 2045 post
1442 2001 1477 2029 ν.
1510 1989 1595 2030 837
1625 1987 1774 2030 intulit.
1823 1985 1914 2030 Nec
1944 1988 2009 2032 hic
2038 1989 2202 2047 quidem

329 2067 370 2105 in
401 2078 593 2107 sermone
623 2064 845 2121 quidquam
875 2065 1107 2121 peculiare:
1151 2062 1438 2118 ἀμφενέμοντο
1467 2062 1671 2106 Boeotiae
1701 2075 1784 2114 est,
1830 2073 1873 2107 ut
1903 2063 2055 2107 ’Ήλιδα
2085 2067 2167 2108 δῖα
2179 2083 2203 2106 τι

329 2155 363 2182 v.
390 2143 494 2191 615;
524 2146 565 2183 et
590 2136 878 2196 Ὑρτακίδης
908 2136 1014 2183 ἔθελ’
1041 2138 1229 2189 Ἄσιος.
1260 2137 1475 2195 ὄρχαμος
1504 2136 1714 2196 ἀνδρῶν
1742 2141 1841 2184 item
1863 2139 1909 2184 M
1933 2144 2014 2184 110
2040 2142 2198 2199 legitur.

446 2214 557 2259 Hinc
599 2231 682 2259 non
726 2216 897 2266 mirum,
942 2216 1054 2275 quod
1096 2216 1202 2260 idem
1243 2216 1331 2259 sine
1373 2214 1497 2259 dubio
1536 2216 1608 2273 qui
1638 2220 1678 2258 A
1707 2219 1936 2261 331—334
1975 2226 2067 2274 post
2097 2221 2199 2263 830.

328 2292 373 2336 Μ
404 2295 458 2336 96
489 2307 551 2350 sq.
586 2300 680 2351 post
711 2294 795 2336 837
824 2291 1002 2342 infersit,
1032 2292 1154 2336 ctiam
1184 2289 1230 2335 Μ
1260 2294 1315 2335 99
1347 2305 1410 2350 sq.

732 2394 785 2400 -—-
818 2367 902 2423 ἅμα
930 2370 989 2426 τῷ
1017 2384 1063 2422 γε
1093 2366 1183 2410 δύω
1208 2364 1455 2422 Ἀντήνορος
1483 2364 1566 2420 υἷε,

612 2442 850 2501 Ἀρχέλοχός
877 2441 909 2486 τ’
938 2441 1118 2500 Ἀκάμας
1145 2459 1187 2486 τε
1217 2440 1349 2500 μάχης
1378 2436 1427 2486 εὖ
1454 2440 1584 2487 εἰδότε
1612 2441 1767 2501 πάσης,

327 2530 420 2578 post
466 2525 548 2564 837
596 2521 775 2570 infersit,
821 2522 936 2565 initio
983 2536 1035 2564 ex
1083 2524 1166 2564 ⁷1⁶5
1210 2520 1424 2578 suppleto,
1468 2520 1521 2563 ad
1565 2535 1689 2578 quem
1734 2536 1900 2566 versum
1946 2522 2020 2565 cfr.
2068 2531 2204 2566 notam

326 2613 449 2655 supra
480 2612 519 2655 p.
553 2601 622 2640 22.

441 2672 698 2718 Hesiodeum
735 2674 917 2717 colorem
956 2674 1041 2716 sive
1080 2673 1383 2722 characterem,
1429 2687 1552 2730 quem
1591 2674 1816 2730 genuinum
1855 2676 1897 2717 in
1928 2674 2200 2719 Graecorum.

327 2750 603 2793 adulterinum
631 2750 673 2792 in
706 2747 988 2807 Trojanorum
1019 2750 1206 2806 catalogo
1238 2747 1605 2805 deprehendimus,
1651 2750 1920 2792 Alexandrini
1957 2751 2044 2792 aliis
2083 2752 2203 2792 etiam

328 2827 427 2870 locis
458 2832 724 2873 notaverunt.
756 2824 944 2883 pluribus
972 2824 1150 2868 fortasse
1180 2839 1303 2882 quam
1335 2823 1408 2868 ubi
1437 2824 1560 2868 hodie
1590 2824 1641 2868 de
1672 2840 1719 2868 ea
1745 2826 1956 2869 notatione
1982 2825 2134 2882 aliquid
2163 2827 2204 2868 in

327 2902 491 2947 scholiis
520 2902 713 2958 legimus:
746 2902 818 2945 cfr.
852 2900 996 2945 Lehrs.
1032 2900 1139 2945 stud.
1173 2900 1299 2944 Arist.
1330 2898 1460 2945 Hom.
1491 2915 1531 2958 p.
1565 2884 1660 2945 35'8.
1724 2900 2030 2945 Celeberrimus
2060 2915 2113 2945 ex
2142 2901 2204 2943 his

326 2986 387 3022 est
419 2982 463 3022 Σ
488 2981 658 3023 39-49
691 3003 744 3009 -
776 2976 1005 3023 Nereidum
1033 2977 1310 3028 enumeratio,
1351 2976 1403 3021 de
1433 2991 1516 3035 qua
1545 2977 1673 3023 schol.
1707 2977 1765 3021 A:
1811 2974 1834 3020 ὁ
1873 2979 1957 3020 τῶν
1986 2978 2204 3032 Νηρεΐδων

1866 3076 1886 3108 5
