2578 3714
280 2882 292 2906 7

1297 173 1491 219 14-

607 308 651 350 οἵ
677 305 709 350 τ’
737 304 845 364 ἀμφ’
879 304 1047 363 ἱμερτὸν
1083 305 1334 364 Τιταρήσιον
1366 305 1447 363 ἔργ’
1479 305 1698 362 ἐνέμοντο,

606 382 652 432 ὅς
682 382 718 436 ῥ’
748 383 792 434 ἐς
823 381 1009 438 Πηνειὸν
1037 385 1175 438 προΐει
1202 383 1453 437 καλλίρροον
1480 380 1611 436 ὕδωρ.

292 456 361 489 ’156
490 457 559 503 «28,
721 458 965 515 Μαγνήτων
993 455 1029 501 δ’
1059 451 1160 515 ἦρχε
1190 456 1392 514 Πρόθοος
1428 455 1721 513 Τενθρηδόνος
1749 456 1859 511 υἱός,

606 538 646 576 οἳ
674 535 767 588 περὶ
802 533 983 590 Πηνειὸν
1011 534 1082 578 καὶ
1113 532 1277 589 Πήλιον
1305 534 1600 589 εἰνοσίφυλλον

601 611 795 653 ναίεσκον
809 624 818 632 ·
849 612 934 654 τῶν
963 607 1038 665 μὲν
1070 607 1273 666 Πρόθοος
1300 607 1409 660 θοὸς
1436 604 1680 665 ἡγεμόνευε·

602 690 659 744 τῷ
690 684 727 728 δ’
758 685 846 742 ἅμα
874 684 1185 745 τεσσαράκοντα
1214 684 1407 739 μέλαιναι
1435 688 1533 739 νῆες
1562 685 1727 729 ἕποντο.

291 768 358 798 760
604 756 735 804 Οὗτοι
765 760 829 817 ἄρ’
860 759 1060 818 ἡγεμόνες
1090 763 1276 803 Δαναῶν
1304 761 1374 803 καὶ
1403 761 1594 815 κοίρανοι
1622 756 1742 817 ἦσαν.

305 2882 339 2905 33

488 836 610 881 Nunc
642 840 751 883 vide.
785 846 893 895 quae
922 852 989 881 res
1018 838 1083 881 sit.
1132 835 1178 881 Si
1209 838 1490 894 prooemium,
1522 838 1573 881 de
1603 854 1688 898 quo
1719 847 1861 896 postea
1893 839 2073 890 dicetur,
2106 841 2257 882 omitti-

370 932 459 960 mus
506 943 558 948 ——
606 931 860 975 quamquam
891 926 933 961 et
962 919 1097 975 ipsum
1129 926 1294 962 nostrae
1324 919 1405 976 legi
1435 916 1661 975 respondet
1691 942 1766 964 —-‚
1816 931 1866 959 ex
1909 917 2094 972 viginti
2138 925 2258 957 octo

368 993 579 1040 membris,
628 993 780 1050 quibus
811 994 1069 1051 compositus
1101 1000 1162 1037 est
1192 994 1422 1050 catalogus,
1455 1003 1538 1037 non
1568 993 1703 1035 minus
1733 991 1902 1034 decem
1933 991 2021 1032 sine
2053 990 2132 1032 ulla
2165 1005 2255 1032 mu-

366 1069 521 1111 tatione
549 1075 621 1111 aut
650 1069 877 1113 omissione
901 1069 1129 1126 legitimum
1162 1083 1380 1112 numerum
1411 1064 1654 1126 praeferunt
1686 1067 1738 1122 (3.
1773 1070 1810 1109 5.
1844 1072 1883 1109 7.
1915 1070 1954 1109 9.
1992 1069 2054 1108 12.
2092 1071 2158 1108 18.
2194 1070 2254 1107 19.

366 1147 432 1186 22.
469 1147 537 1186 24.
572 1144 688 1197 28.),
737 1143 888 1201 quibus
925 1160 1079 1188 unum
1110 1144 1344 1187 addendum
1376 1152 1436 1186 est
1470 1144 1574 1199 (26),
1613 1143 1750 1200 quod,
1793 1156 1886 1184 cum
1922 1144 2009 1184 aliis
2041 1143 2092 1183 de
2123 1143 2254 1184 causis

363 1219 659 1277 interpolatum
692 1219 904 1273 videatur,
952 1219 1075 1263 etiam
1115 1233 1209 1265 cum
1250 1220 1333 1263 suis
1369 1218 1756 1277 interpolationibus
1788 1224 1829 1259 a‘
1842 1219 1934 1274 lege
1966 1232 2048 1259 non
2081 1218 2255 1263 recedit:

365 1296 425 1337 his
456 1295 660 1338 accedunt
694 1310 874 1338 novem
908 1295 1090 1338 membra
1108 1326 1118 1341 ‚
1162 1296 1312 1353 quibus
1343 1297 1557 1352 quinarius
1588 1309 1784 1337 numerus
1815 1296 2041 1336 certissime
2074 1296 2254 1335 restitui-

365 1380 432 1413 tur
463 1372 610 1427 ejectis
641 1372 688 1413 iis
722 1372 934 1418 versibus.
969 1373 1040 1428 qui
1068 1372 1154 1428 jam
1185 1372 1305 1412 aliis
1335 1371 1394 1413 de
1425 1372 1590 1413 causis
1620 1385 1644 1412 a
1674 1370 1824 1412 criticis
1855 1370 2155 1425 antiquioribus
2186 1377 2255 1409 aut

366 1448 670 1490 recentioribus
701 1450 741 1490 in
774 1448 1053 1504 suspicionem
1086 1451 1219 1493 vocati
1250 1458 1346 1493 sunt
1391 1453 1444 1505 (4.
1485 1453 1524 1492 6.
1563 1452 1602 1491 8.
1648 1451 1711 1490 13.
1749 1451 1813 1490 14.
1851 1450 1915 1490 15.
1951 1450 2015 1489 17.
2049 1449 2116 1488 20.
2151 1446 2251 1498 23.);

364 1537 415 1565 ex
449 1530 564 1566 octo
597 1537 703 1580 quae
736 1529 894 1567 restant
925 1523 1120 1568 membris
1152 1532 1383 1584 quatuor
1412 1532 1530 1572 sunt,
1572 1537 1751 1583 quorum
1793 1523 2067 1565 additamenta
2108 1536 2252 1579 quam-

363 1612 484 1654 quam
525 1612 545 1638 a
587 1599 751 1640 nemine
795 1600 894 1640 dum
933 1599 1109 1642 indicata
1152 1609 1286 1643 tamen
1317 1603 1402 1642 suis
1432 1602 1690 1657 apertissime
1720 1614 1764 1640 se
1795 1600 1975 1655 produnt
2007 1599 2166 1639 indiciis
2199 1601 2251 1649 (2.

368 1679 430 1715 16.
466 1678 531 1715 21.
559 1677 666 1724 27.),
700 1675 818 1724 duo,
850 1676 893 1716 in
925 1674 1075 1729 quibus
1107 1690 1201 1719 cum
1232 1677 1372 1732 plures
1402 1691 1546 1719 versus
1577 1676 1666 1731 pari
1696 1675 1889 1717 facilitate
1920 1675 2005 1717 tolli
2037 1675 2252 1729 possint,

362 1757 534 1804 propter
573 1751 701 1804 ipsam
744 1749 855 1791 illam
898 1764 1038 1805 parem
1069 1750 1305 1794 facilitatem
1338 1751 1475 1808 paullo
1505 1751 1704 1794 incertius
1736 1758 1819 1797 est.
1869 1750 1939 1807 qui
1981 1764 2123 1791 versus
2168 1747 2253 1790 tolli

363 1823 584 1866 debeant
617 1826 673 1878 (1.
717 1827 817 1879 11.);
863 1838 1013 1867 unum
1045 1825 1246 1883 deniqne,
1280 1827 1319 1868 in
1352 1840 1436 1884 quo
1469 1839 1600 1868 unum
1630 1839 1795 1866 versum
1825 1824 2028 1866 excidisse
2059 1823 2249 1879 probabi-

362 1903 453 1941 liter
485 1902 761 1941 demonstrari
794 1909 928 1955 potest
960 1904 1055 1955 (25).
1103 1905 1162 1943 lta
1195 1918 1321 1943 unum
1353 1904 1601 1958 relinquitur
1623 1905 1723 1954 (10),
1755 1903 1798 1942 in
1829 1917 1913 1957 quo
1945 1917 2020 1942 cur
2052 1902 2117 1942 lex
2145 1910 2248 1941 stro—

362 1979 478 2031 phica
514 1978 775 2020 consulto
808 1978 991 2033 neglecta
1022 1979 1094 2027 sit.
1127 1995 1179 2023 ex
1211 1980 1337 2035 ipsius
1369 1979 1470 2035 legis
1502 1979 1665 2023 ratione
1694 1986 1878 2036 apparet.

477 2054 569 2097 Jam
592 2069 643 2098 ex
668 2054 746 2098 hoc
769 2061 1017 2111 conspectu.
1050 2069 1174 2113 quam
1207 2070 1287 2100 non
1319 2054 1496 2101 obscura
1528 2055 1608 2100 sint
1639 2054 1910 2114 primigeniae
1941 2054 2100 2099 formae
2131 2053 2251 2097 vesti-

363 2132 448 2185 gia,
481 2130 597 2173 facile
628 2130 894 2187 intelligitur:
927 2132 1017 2182 sed,
1051 2145 1134 2189 quo
1164 2133 1397 2176 accuratius
1427 2133 1469 2175 in
1494 2132 1754 2188 singulorum
1780 2130 2153 2174 additamentorum
2181 2145 2251 2171 na-

364 2215 494 2249 turam
527 2215 566 2249 et
597 2221 741 2250 causas
780 2209 1027 2264 inquiritur,
1077 2222 1125 2251 eo
1168 2210 1321 2252 clarius
1359 2209 1596 2265 certiusque
1633 2209 1703 2251 lex
1742 2208 1808 2251 illa
1847 2208 2028 2264 effulget.
2089 2207 2249 2250 Etenim

365 2285 466 2325 tria
499 2283 875 2327 additamentorum
908 2298 1056 2340 genera
1088 2285 1283 2342 distingui
1324 2292 1364 2328 et
1403 2293 1579 2341 possunt
1622 2293 1663 2328 et
1701 2284 1875 2333 debent,
1923 2299 2102 2341 quorum
2139 2285 2252 2341 prius

364 2359 605 2413 populare
637 2360 723 2400 sive
754 2360 1161 2415 geographicum,
1198 2360 1373 2403 alterum
1407 2362 1659 2417 poeticum
1689 2362 1776 2403 sive
1807 2360 2078 2402 Iliadicum
2110 2361 2248 2415 appel—

364 2435 448 2475 lare
486 2435 602 2480 licet,
650 2435 1036 2489 tertiumlvulgares
1069 2437 1251 2478 continet
1284 2436 1383 2478 varii
1415 2437 1578 2492 generis
1609 2436 2073 2492 interpolationes,
2107 2437 2249 2492 quales

362 2510 401 2550 in
436 2507 672 2551 Homericis
704 2510 836 2565 qualia
869 2510 990 2553 hodie
1021 2511 1211 2555 feruntur
1243 2511 1398 2567 ubique
1428 2511 1577 2555 obviae
1607 2519 1716 2555 sunt.

479 2584 544 2627 Ad
579 2585 725 2641 prius
757 2599 886 2641 genus
917 2587 1092 2642 primum
1125 2586 1398 2631 additamenta
1430 2587 1568 2631 refero
1598 2587 1716 2632 litera
1741 2590 1774 2632 A
1808 2587 2025 2637 instructa,
2058 2601 2164 2644 quae
2197 2600 2247 2630 eo

360 2660 534 2703 consilio
574 2662 814 2715 interposita
847 2676 937 2705 esse
968 2673 1153 2719 apparet.
1196 2672 1240 2707 ut
1273 2664 1401 2719 magis
1432 2677 1557 2723 quam
1587 2663 1738 2721 jejuna
1769 2663 1849 2707 sert
1879 2664 2056 2719 catalogi
2088 2664 2247 2707 indoles
2281 2698 2286 2706 .

452 2875 477 2905 A
593 2868 668 2906 οὐδ’
695 2866 714 2905 ὅ
740 2884 775 2915 γε
806 2873 941 2920 Πηνειῷ
966 2873 1188 2919 συμμίσγεται
1213 2871 1449 2920 ἀργυροδίνῃ,

589 2928 678 2963 (ἑλλοὶ
704 2932 738 2964 τε
762 2942 824 2971 μιν
849 2931 1082 2974 καθύπερθεν
1105 2932 1272 2975 ἐπιρρέει.
1298 2932 1374 2976 ἠύτ’
1399 2932 1530 2967 ἔλαιον·

592 2983 714 3033 [ὅρκου
737 2991 805 3032 γὰρ
831 2989 950 3024 δεινοῦ
976 2992 1111 3035 Στυγὸς
1134 2985 1267 3031 ὕδατός
1291 2987 1382 3025 ἐστιν
1407 2987 1600 3036 ἀπορρώξ]
