<?xml version="1.0" encoding="UTF-8"?>
<!DOCTYPE html PUBLIC "-//W3C//DTD XHTML 1.0 Transitional//EN"
    "http://www.w3.org/TR/xhtml1/DTD/xhtml1-transitional.dtd">
<html xmlns="http://www.w3.org/1999/xhtml" xml:lang="en" lang="en">
 <head>
  <title>
</title>
<meta http-equiv="Content-Type" content="text/html;charset=utf-8" />
  <meta name='ocr-system' content='tesseract 3.04.00' />
  <meta name='ocr-capabilities' content='ocr_page ocr_carea ocr_par ocr_line ocrx_word'/>
</head>
<body>
  <div class='ocr_page' id='page_1' title='image "./4771401_0036.png"; bbox 0 0 2578 3714; ppageno 0'>
   <div class='ocr_carea' id='block_1_1' title="bbox 1132 208 1463 255">
    <p class='ocr_par' dir='ltr' id='par_1_1' title="bbox 1132 208 1463 255">
     <span class='ocr_line' id='line_1_1' title="bbox 1132 208 1463 255; baseline -0.012 -10"><span class='ocrx_word' id='word_1_1' title='bbox 1132 208 1463 255; x_wconf 68' lang='lat'>-30—</span> 
     </span>
    </p>
   </div>
   <div class='ocr_carea' id='block_1_2' title="bbox 326 344 2240 3044">
    <p class='ocr_par' dir='ltr' id='par_1_2' title="bbox 344 344 2230 541">
     <span class='ocr_line' id='line_1_2' title="bbox 345 344 2230 403; baseline -0.001 -17"><span class='ocrx_word' id='word_1_2' title='bbox 345 359 381 386; x_wconf 90' lang='lat' dir='ltr'><strong>v.</strong></span> <span class='ocrx_word' id='word_1_3' title='bbox 405 348 491 388; x_wconf 87' lang='grc'><strong>854</strong></span> <span class='ocrx_word' id='word_1_4' title='bbox 523 345 857 402; x_wconf 87' lang='lat' dir='ltr'><strong>Paphlagonibns</strong></span> <span class='ocrx_word' id='word_1_5' title='bbox 887 351 1093 403; x_wconf 87' lang='lat' dir='ltr'><strong>surrepto.</strong></span> <span class='ocrx_word' id='word_1_6' title='bbox 1141 344 1319 389; x_wconf 87' lang='lat' dir='ltr'><strong>Eosdem</strong></span> <span class='ocrx_word' id='word_1_7' title='bbox 1351 357 1495 387; x_wconf 84' lang='lat' dir='ltr'><strong>versus</strong></span> <span class='ocrx_word' id='word_1_8' title='bbox 1525 358 1620 388; x_wconf 92' lang='lat' dir='ltr'><strong>cum</strong></span> <span class='ocrx_word' id='word_1_9' title='bbox 1651 345 1771 387; x_wconf 91' lang='lat' dir='ltr'><strong>etiam</strong></span> <span class='ocrx_word' id='word_1_10' title='bbox 1802 344 1987 388; x_wconf 86' lang='lat' dir='ltr'><strong>Eustath.</strong></span> <span class='ocrx_word' id='word_1_11' title='bbox 2017 344 2068 386; x_wconf 91' lang='lat' dir='ltr'><strong>ad</strong></span> <span class='ocrx_word' id='word_1_12' title='bbox 2095 346 2230 386; x_wconf 74' lang='lat' dir='ltr'><strong>Y329</strong></span> 
     </span>
     <span class='ocr_line' id='line_1_3' title="bbox 345 417 2229 479; baseline -0.001 -15"><span class='ocrx_word' id='word_1_13' title='bbox 345 422 466 471; x_wconf 86' lang='lat' dir='ltr'><strong>citat,</strong></span> <span class='ocrx_word' id='word_1_14' title='bbox 497 420 694 477; x_wconf 76' lang='grc' dir='ltr'><strong><em>’Ἀμειβος</em></strong></span> <span class='ocrx_word' id='word_1_15' title='bbox 723 436 802 479; x_wconf 91' lang='lat' dir='ltr'><strong>pro</strong></span> <span class='ocrx_word' id='word_1_16' title='bbox 832 418 1010 477; x_wconf 78' lang='grc' dir='ltr'><strong><em>ἀμύμων</em></strong></span> <span class='ocrx_word' id='word_1_17' title='bbox 1040 422 1156 478; x_wconf 89' lang='lat' dir='ltr'><strong>legit:</strong></span> <span class='ocrx_word' id='word_1_18' title='bbox 1194 417 1409 475; x_wconf 77' lang='grc' dir='ltr'><strong><em>’ᾼμύντωρ</em></strong></span> <span class='ocrx_word' id='word_1_19' title='bbox 1439 419 1600 464; x_wconf 80' lang='lat' dir='ltr'><strong>dedisse</strong></span> <span class='ocrx_word' id='word_1_20' title='bbox 1630 420 1781 477; x_wconf 85' lang='lat' dir='ltr'>opinor</span> <span class='ocrx_word' id='word_1_21' title='bbox 1813 418 2122 470; x_wconf 78' lang='lat' dir='ltr'><strong>Callisthenem,</strong></span> <span class='ocrx_word' id='word_1_22' title='bbox 2154 434 2229 461; x_wconf 92' lang='lat' dir='ltr'><strong>no-</strong></span> 
     </span>
     <span class='ocr_line' id='line_1_4' title="bbox 344 493 1525 541; baseline -0.003 -1"><span class='ocrx_word' id='word_1_23' title='bbox 344 510 439 540; x_wconf 91' lang='lat' dir='ltr'><strong>men</strong></span> <span class='ocrx_word' id='word_1_24' title='bbox 469 496 565 541; x_wconf 88' lang='lat' dir='ltr'><strong>alibi</strong></span> <span class='ocrx_word' id='word_1_25' title='bbox 597 498 720 540; x_wconf 89' lang='lat' dir='ltr'><strong>etiam</strong></span> <span class='ocrx_word' id='word_1_26' title='bbox 751 498 793 541; x_wconf 92' lang='lat' dir='ltr'><strong>in</strong></span> <span class='ocrx_word' id='word_1_27' title='bbox 824 495 947 541; x_wconf 84' lang='lat' dir='ltr'><strong>iliade</strong></span> <span class='ocrx_word' id='word_1_28' title='bbox 977 496 1149 540; x_wconf 84' lang='lat' dir='ltr'><strong>obvium</strong></span> <span class='ocrx_word' id='word_1_29' title='bbox 1180 498 1197 540; x_wconf 90' lang='lat'>1</span> <span class='ocrx_word' id='word_1_30' title='bbox 1227 497 1326 540; x_wconf 87' lang='grc'>448.</span> <span class='ocrx_word' id='word_1_31' title='bbox 1357 493 1400 538; x_wconf 87' lang='lat' dir='ltr'>K</span> <span class='ocrx_word' id='word_1_32' title='bbox 1429 497 1525 537; x_wconf 77' lang='lat'><strong>266.</strong></span> 
     </span>
    </p>

    <p class='ocr_par' dir='ltr' id='par_1_3' title="bbox 461 573 1111 630">
     <span class='ocr_line' id='line_1_5' title="bbox 461 573 1111 630; baseline -0.002 -15"><span class='ocrx_word' id='word_1_33' title='bbox 461 573 509 615; x_wconf 89' lang='lat' dir='ltr'><strong>V.</strong></span> <span class='ocrx_word' id='word_1_34' title='bbox 546 576 646 615; x_wconf 86' lang='grc'><strong>848</strong></span> <span class='ocrx_word' id='word_1_35' title='bbox 677 586 745 630; x_wconf 88' lang='lat' dir='ltr'><strong>sq.</strong></span> <span class='ocrx_word' id='word_1_36' title='bbox 777 586 831 614; x_wconf 82' lang='lat' dir='ltr'><strong>ex</strong></span> <span class='ocrx_word' id='word_1_37' title='bbox 863 575 908 613; x_wconf 84' lang='lat'><strong>11</strong></span> <span class='ocrx_word' id='word_1_38' title='bbox 934 574 1020 614; x_wconf 75' lang='lat'><strong>28⁷</strong></span> <span class='ocrx_word' id='word_1_39' title='bbox 1051 586 1111 629; x_wconf 90' lang='lat' dir='ltr'><strong>sq.</strong></span> 
     </span>
    </p>

    <p class='ocr_par' dir='ltr' id='par_1_4' title="bbox 576 643 1883 703">
     <span class='ocr_line' id='line_1_6' title="bbox 576 643 1883 703; baseline -0.002 -13"><span class='ocrx_word' id='word_1_40' title='bbox 576 675 582 681; x_wconf 82' lang='lat'><em>-</em></span> <span class='ocrx_word' id='word_1_41' title='bbox 632 648 701 690; x_wconf 81' lang='grc' dir='ltr'><strong>καὶ</strong></span> <span class='ocrx_word' id='word_1_42' title='bbox 730 645 831 703; x_wconf 83' lang='grc' dir='ltr'><strong><em>βάλε</em></strong></span> <span class='ocrx_word' id='word_1_43' title='bbox 864 649 1202 703; x_wconf 78' lang='grc' dir='ltr'><strong><em>Πυραίχμην,</em></strong></span> <span class='ocrx_word' id='word_1_44' title='bbox 1236 645 1284 697; x_wconf 79' lang='grc' dir='ltr'><strong>ὃς</strong></span> <span class='ocrx_word' id='word_1_45' title='bbox 1314 647 1545 696; x_wconf 84' lang='grc' dir='ltr'><strong><em>Παίονας</em></strong></span> <span class='ocrx_word' id='word_1_46' title='bbox 1574 643 1883 701; x_wconf 75' lang='grc' dir='ltr'><strong><em>ἱπποκορυστάς</em></strong></span> 
     </span>
    </p>

    <p class='ocr_par' dir='ltr' id='par_1_5' title="bbox 343 718 2223 922">
     <span class='ocr_line' id='line_1_7' title="bbox 634 718 1901 779; baseline -0.002 -13"><span class='ocrx_word' id='word_1_47' title='bbox 634 721 826 779; x_wconf 79' lang='grc' dir='ltr'><strong><em>ἤγαγεν</em></strong></span> <span class='ocrx_word' id='word_1_48' title='bbox 856 722 903 775; x_wconf 79' lang='grc' dir='ltr'><strong>ἐξ</strong></span> <span class='ocrx_word' id='word_1_49' title='bbox 930 720 1214 778; x_wconf 76' lang='grc' dir='ltr'><strong><em>Ἀμυδῶνος</em></strong></span> <span class='ocrx_word' id='word_1_50' title='bbox 1242 719 1322 765; x_wconf 75' lang='grc' dir='ltr'><strong>ἀπ’</strong></span> <span class='ocrx_word' id='word_1_51' title='bbox 1349 719 1514 774; x_wconf 83' lang='grc' dir='ltr'><strong><em>Ἀξιοῦ</em></strong></span> <span class='ocrx_word' id='word_1_52' title='bbox 1544 718 1901 778; x_wconf 76' lang='grc' dir='ltr'><strong><em>ὲῦρυρέοντος,</em></strong></span> 
     </span>
     <span class='ocr_line' id='line_1_8' title="bbox 343 795 2223 855; baseline -0.003 -13"><span class='ocrx_word' id='word_1_53' title='bbox 343 800 553 843; x_wconf 76' lang='lat' dir='ltr'><strong>transtulit</strong></span> <span class='ocrx_word' id='word_1_54' title='bbox 584 799 657 841; x_wconf 93' lang='lat' dir='ltr'><strong>sed</strong></span> <span class='ocrx_word' id='word_1_55' title='bbox 693 799 768 847; x_wconf 90' lang='lat' dir='ltr'><strong>ita,</strong></span> <span class='ocrx_word' id='word_1_56' title='bbox 814 806 860 842; x_wconf 92' lang='lat' dir='ltr'><strong>ut</strong></span> <span class='ocrx_word' id='word_1_57' title='bbox 889 798 1142 841; x_wconf 85' lang='lat' dir='ltr'><strong>contrarium</strong></span> <span class='ocrx_word' id='word_1_58' title='bbox 1174 797 1384 855; x_wconf 76' lang='lat' dir='ltr'><strong>epitheton</strong></span> <span class='ocrx_word' id='word_1_59' title='bbox 1415 811 1469 840; x_wconf 85' lang='lat' dir='ltr'><strong>ex</strong></span> <span class='ocrx_word' id='word_1_60' title='bbox 1499 798 1697 854; x_wconf 87' lang='lat' dir='ltr'><strong>primario</strong></span> <span class='ocrx_word' id='word_1_61' title='bbox 1727 796 1842 840; x_wconf 84' lang='lat' dir='ltr'><strong>fonte</strong></span> <span class='ocrx_word' id='word_1_62' title='bbox 1871 796 2079 839; x_wconf 89' lang='lat' dir='ltr'><strong>retineret.</strong></span> <span class='ocrx_word' id='word_1_63' title='bbox 2144 795 2223 848; x_wconf 84' lang='lat' dir='ltr'><strong>Qui</strong></span> 
     </span>
     <span class='ocr_line' id='line_1_9' title="bbox 344 872 1420 922; baseline -0.001 -4"><span class='ocrx_word' id='word_1_64' title='bbox 344 875 512 918; x_wconf 90' lang='lat' dir='ltr'><strong>tertium</strong></span> <span class='ocrx_word' id='word_1_65' title='bbox 544 874 597 918; x_wconf 89' lang='lat' dir='ltr'><strong>de</strong></span> <span class='ocrx_word' id='word_1_66' title='bbox 628 875 741 917; x_wconf 83' lang='lat' dir='ltr'><strong>Axio</strong></span> <span class='ocrx_word' id='word_1_67' title='bbox 774 887 937 917; x_wconf 87' lang='lat' dir='ltr'><strong>versum</strong></span> <span class='ocrx_word' id='word_1_68' title='bbox 966 872 1144 922; x_wconf 78' lang='lat' dir='ltr'><strong>addidit,</strong></span> <span class='ocrx_word' id='word_1_69' title='bbox 1178 887 1233 915; x_wconf 87' lang='lat' dir='ltr'><strong>ex</strong></span> <span class='ocrx_word' id='word_1_70' title='bbox 1266 874 1307 912; x_wconf 85' lang='grc' dir='ltr'><strong><em>Φ</em></strong></span> <span class='ocrx_word' id='word_1_71' title='bbox 1340 875 1420 916; x_wconf 84' lang='grc'><strong>158</strong></span> 
     </span>
    </p>

    <p class='ocr_par' dir='ltr' id='par_1_6' title="bbox 340 944 1673 1082">
     <span class='ocr_line' id='line_1_10' title="bbox 627 944 1673 1003; baseline 0 -12"><span class='ocrx_word' id='word_1_72' title='bbox 627 946 784 999; x_wconf 75' lang='grc' dir='ltr'><strong><em>Ἀξιοῦ,</em></strong></span> <span class='ocrx_word' id='word_1_73' title='bbox 816 945 864 998; x_wconf 80' lang='grc' dir='ltr'><strong>ὃς</strong></span> <span class='ocrx_word' id='word_1_74' title='bbox 890 944 1115 991; x_wconf 78' lang='grc' dir='ltr'><strong><em>κάλλιστον</em></strong></span> <span class='ocrx_word' id='word_1_75' title='bbox 1142 945 1258 1003; x_wconf 77' lang='grc' dir='ltr'><strong><em>ὕδωρ</em></strong></span> <span class='ocrx_word' id='word_1_76' title='bbox 1288 945 1354 991; x_wconf 78' lang='grc' dir='ltr'><strong>ἐπὶ</strong></span> <span class='ocrx_word' id='word_1_77' title='bbox 1384 951 1511 1003; x_wconf 76' lang='grc' dir='ltr'><strong><em>γαῖαν</em></strong></span> <span class='ocrx_word' id='word_1_78' title='bbox 1541 948 1673 1003; x_wconf 82' lang='grc' dir='ltr'><strong><em>ἵησιν,</em></strong></span> 
     </span>
     <span class='ocr_line' id='line_1_11' title="bbox 340 1021 1500 1082; baseline -0.002 -14"><span class='ocrx_word' id='word_1_79' title='bbox 340 1025 562 1082; x_wconf 85' lang='lat' dir='ltr'><strong>sumpsisse</strong></span> <span class='ocrx_word' id='word_1_80' title='bbox 595 1022 783 1072; x_wconf 87' lang='lat' dir='ltr'><strong>videtur,</strong></span> <span class='ocrx_word' id='word_1_81' title='bbox 818 1021 942 1081; x_wconf 87' lang='lat' dir='ltr'><strong>cujus</strong></span> <span class='ocrx_word' id='word_1_82' title='bbox 972 1023 1102 1081; x_wconf 86' lang='lat' dir='ltr'><strong>ipsius</strong></span> <span class='ocrx_word' id='word_1_83' title='bbox 1131 1021 1224 1067; x_wconf 83' lang='lat' dir='ltr'><strong>fons</strong></span> <span class='ocrx_word' id='word_1_84' title='bbox 1255 1021 1333 1067; x_wconf 81' lang='lat' dir='ltr'><strong>suit</strong></span> <span class='ocrx_word' id='word_1_85' title='bbox 1362 1024 1387 1066; x_wconf 91' lang='grc' dir='ltr'><strong><em>λ</em></strong></span> <span class='ocrx_word' id='word_1_86' title='bbox 1416 1025 1500 1067; x_wconf 79' lang='grc'><strong>239</strong></span> 
     </span>
    </p>

    <p class='ocr_par' dir='ltr' id='par_1_7' title="bbox 334 1096 2225 1608">
     <span class='ocr_line' id='line_1_12' title="bbox 629 1096 1683 1156; baseline 0.001 -15"><span class='ocrx_word' id='word_1_87' title='bbox 629 1097 677 1151; x_wconf 81' lang='grc' dir='ltr'><strong>ὃς</strong></span> <span class='ocrx_word' id='word_1_88' title='bbox 704 1097 815 1142; x_wconf 78' lang='grc' dir='ltr'><strong><em>πολὺ</em></strong></span> <span class='ocrx_word' id='word_1_89' title='bbox 844 1096 1063 1152; x_wconf 82' lang='grc' dir='ltr'><strong><em>κάλλιστος</em></strong></span> <span class='ocrx_word' id='word_1_90' title='bbox 1091 1101 1291 1155; x_wconf 74' lang='grc' dir='ltr'><strong><em>ποταμῶν</em></strong></span> <span class='ocrx_word' id='word_1_91' title='bbox 1320 1097 1387 1142; x_wconf 79' lang='grc' dir='ltr'><strong>ἐπὶ</strong></span> <span class='ocrx_word' id='word_1_92' title='bbox 1414 1102 1542 1155; x_wconf 78' lang='grc' dir='ltr'><strong><em>γαῖαν</em></strong></span> <span class='ocrx_word' id='word_1_93' title='bbox 1571 1099 1683 1156; x_wconf 79' lang='grc' dir='ltr'><strong><em>ἵησιν</em></strong></span> 
     </span>
     <span class='ocr_line' id='line_1_13' title="bbox 338 1167 2223 1232; baseline -0.002 -14"><span class='ocrx_word' id='word_1_94' title='bbox 338 1178 388 1218; x_wconf 89' lang='lat' dir='ltr'><strong>de</strong></span> <span class='ocrx_word' id='word_1_95' title='bbox 419 1176 611 1232; x_wconf 87' lang='lat' dir='ltr'><strong>Enipeo</strong></span> <span class='ocrx_word' id='word_1_96' title='bbox 649 1190 671 1217; x_wconf 90' lang='lat' dir='ltr'><strong>a</strong></span> <span class='ocrx_word' id='word_1_97' title='bbox 704 1174 874 1232; x_wconf 73' lang='lat' dir='ltr'><strong>Tyrone</strong></span> <span class='ocrx_word' id='word_1_98' title='bbox 903 1176 1106 1219; x_wconf 88' lang='lat' dir='ltr'><strong>adamato.</strong></span> <span class='ocrx_word' id='word_1_99' title='bbox 1170 1175 1305 1232; x_wconf 80' lang='lat' dir='ltr'><strong>Vulgo</strong></span> <span class='ocrx_word' id='word_1_100' title='bbox 1334 1190 1389 1218; x_wconf 87' lang='lat' dir='ltr'><strong>ex</strong></span> <span class='ocrx_word' id='word_1_101' title='bbox 1419 1182 1566 1217; x_wconf 88' lang='lat' dir='ltr'><strong>nostro</strong></span> <span class='ocrx_word' id='word_1_102' title='bbox 1598 1176 1692 1218; x_wconf 90' lang='lat' dir='ltr'><strong>loco</strong></span> <span class='ocrx_word' id='word_1_103' title='bbox 1722 1167 1763 1217; x_wconf 89' lang='lat' dir='ltr'><strong>in</strong></span> <span class='ocrx_word' id='word_1_104' title='bbox 1799 1178 1840 1216; x_wconf 89' lang='grc' dir='ltr'><strong><em>Φ</em></strong></span> <span class='ocrx_word' id='word_1_105' title='bbox 1873 1178 1953 1218; x_wconf 85' lang='grc'><strong>158</strong></span> <span class='ocrx_word' id='word_1_106' title='bbox 1986 1176 2223 1216; x_wconf 89' lang='lat' dir='ltr'><strong>translatum</strong></span> 
     </span>
     <span class='ocr_line' id='line_1_14' title="bbox 336 1248 2225 1308; baseline -0.003 -13"><span class='ocrx_word' id='word_1_107' title='bbox 336 1259 500 1308; x_wconf 90' lang='lat' dir='ltr'><strong>putant,</strong></span> <span class='ocrx_word' id='word_1_108' title='bbox 534 1265 618 1294; x_wconf 92' lang='lat' dir='ltr'><strong>non</strong></span> <span class='ocrx_word' id='word_1_109' title='bbox 640 1258 773 1301; x_wconf 86' lang='lat' dir='ltr'><strong>recte;</strong></span> <span class='ocrx_word' id='word_1_110' title='bbox 806 1251 869 1293; x_wconf 92' lang='lat' dir='ltr'><strong>hic</strong></span> <span class='ocrx_word' id='word_1_111' title='bbox 900 1252 1010 1293; x_wconf 92' lang='lat' dir='ltr'><strong>enim</strong></span> <span class='ocrx_word' id='word_1_112' title='bbox 1041 1264 1208 1294; x_wconf 84' lang='lat' dir='ltr'><strong>servum</strong></span> <span class='ocrx_word' id='word_1_113' title='bbox 1238 1251 1485 1294; x_wconf 80' lang='lat' dir='ltr'><strong>imitatorem</strong></span> <span class='ocrx_word' id='word_1_114' title='bbox 1515 1251 1654 1307; x_wconf 83' lang='lat' dir='ltr'><strong>prodit</strong></span> <span class='ocrx_word' id='word_1_115' title='bbox 1685 1252 1847 1307; x_wconf 90' lang='lat' dir='ltr'><strong>ineptus</strong></span> <span class='ocrx_word' id='word_1_116' title='bbox 1874 1250 1993 1293; x_wconf 90' lang='lat' dir='ltr'><strong>verbi</strong></span> <span class='ocrx_word' id='word_1_117' title='bbox 2019 1248 2225 1292; x_wconf 79' lang='grc' dir='ltr'><strong><em>ἐπικίδνα-</em></strong></span> 
     </span>
     <span class='ocr_line' id='line_1_15' title="bbox 334 1324 2221 1382; baseline -0.002 -13"><span class='ocrx_word' id='word_1_118' title='bbox 334 1344 403 1369; x_wconf 89' lang='grc' dir='ltr'><strong>ται</strong></span> <span class='ocrx_word' id='word_1_119' title='bbox 432 1326 607 1369; x_wconf 88' lang='lat' dir='ltr'><strong>abusus:</strong></span> <span class='ocrx_word' id='word_1_120' title='bbox 655 1326 733 1368; x_wconf 80' lang='lat' dir='ltr'><strong>cfr.</strong></span> <span class='ocrx_word' id='word_1_121' title='bbox 781 1324 823 1367; x_wconf 81' lang='lat' dir='ltr'>H</span> <span class='ocrx_word' id='word_1_122' title='bbox 853 1328 950 1367; x_wconf 88' lang='grc'>451.</span> <span class='ocrx_word' id='word_1_123' title='bbox 992 1327 1093 1368; x_wconf 87' lang='grc'>458.</span> <span class='ocrx_word' id='word_1_124' title='bbox 1130 1325 1267 1382; x_wconf 88' lang='lat' dir='ltr'><strong>Apoll.</strong></span> <span class='ocrx_word' id='word_1_125' title='bbox 1297 1326 1432 1369; x_wconf 88' lang='lat' dir='ltr'><strong>Rhod.</strong></span> <span class='ocrx_word' id='word_1_126' title='bbox 1467 1327 1531 1373; x_wconf 84' lang='lat' dir='ltr'><strong>ll,</strong></span> <span class='ocrx_word' id='word_1_127' title='bbox 1565 1328 1663 1369; x_wconf 82' lang='lat'><strong>978.</strong></span> <span class='ocrx_word' id='word_1_128' title='bbox 1729 1326 1872 1377; x_wconf 89' lang='lat' dir='ltr'><strong>Quint.</strong></span> <span class='ocrx_word' id='word_1_129' title='bbox 1905 1324 1993 1368; x_wconf 90' lang='lat' dir='ltr'><strong>Sm.</strong></span> <span class='ocrx_word' id='word_1_130' title='bbox 2026 1324 2081 1371; x_wconf 84' lang='lat' dir='ltr'><strong>V.</strong></span> <span class='ocrx_word' id='word_1_131' title='bbox 2116 1328 2221 1370; x_wconf 59' lang='lat'><strong>3127,</strong></span> 
     </span>
     <span class='ocr_line' id='line_1_16' title="bbox 337 1396 2225 1459; baseline -0.002 -14"><span class='ocrx_word' id='word_1_132' title='bbox 337 1416 461 1459; x_wconf 92' lang='lat' dir='ltr'><strong>quem</strong></span> <span class='ocrx_word' id='word_1_133' title='bbox 493 1402 647 1444; x_wconf 82' lang='lat' dir='ltr'><strong>frustra</strong></span> <span class='ocrx_word' id='word_1_134' title='bbox 680 1400 879 1456; x_wconf 80' lang='lat' dir='ltr'><strong>obtegere</strong></span> <span class='ocrx_word' id='word_1_135' title='bbox 907 1399 1157 1443; x_wconf 86' lang='lat' dir='ltr'><strong>studuerunt</strong></span> <span class='ocrx_word' id='word_1_136' title='bbox 1187 1400 1346 1458; x_wconf 77' lang='lat' dir='ltr'><strong>antiqui</strong></span> <span class='ocrx_word' id='word_1_137' title='bbox 1374 1400 1599 1444; x_wconf 86' lang='lat' dir='ltr'><strong>scribendo</strong></span> <span class='ocrx_word' id='word_1_138' title='bbox 1628 1396 1732 1450; x_wconf 83' lang='grc' dir='ltr'><strong><em>Αἶα,</em></strong></span> <span class='ocrx_word' id='word_1_139' title='bbox 1774 1401 1829 1444; x_wconf 90' lang='lat' dir='ltr'><strong>ita</strong></span> <span class='ocrx_word' id='word_1_140' title='bbox 1860 1407 1904 1443; x_wconf 93' lang='lat' dir='ltr'><strong>ut</strong></span> <span class='ocrx_word' id='word_1_141' title='bbox 1934 1401 2026 1443; x_wconf 82' lang='lat' dir='ltr'><strong>fons</strong></span> <span class='ocrx_word' id='word_1_142' title='bbox 2055 1400 2225 1457; x_wconf 89' lang='lat' dir='ltr'><strong>purissi-</strong></span> 
     </span>
     <span class='ocr_line' id='line_1_17' title="bbox 340 1475 2225 1533; baseline -0.002 -14"><span class='ocrx_word' id='word_1_143' title='bbox 340 1492 431 1519; x_wconf 90' lang='lat' dir='ltr'><strong>mae</strong></span> <span class='ocrx_word' id='word_1_144' title='bbox 468 1491 599 1533; x_wconf 89' lang='lat' dir='ltr'><strong>aquae</strong></span> <span class='ocrx_word' id='word_1_145' title='bbox 637 1476 953 1529; x_wconf 69' lang='lat' dir='ltr'><strong>intelligeretur!</strong></span> <span class='ocrx_word' id='word_1_146' title='bbox 1012 1475 1127 1518; x_wconf 82' lang='lat' dir='ltr'><strong>Idem</strong></span> <span class='ocrx_word' id='word_1_147' title='bbox 1157 1476 1281 1518; x_wconf 90' lang='lat' dir='ltr'><strong>etiam</strong></span> <span class='ocrx_word' id='word_1_148' title='bbox 1310 1476 1415 1519; x_wconf 90' lang='lat' dir='ltr'><strong>alter</strong></span> <span class='ocrx_word' id='word_1_149' title='bbox 1444 1475 1719 1531; x_wconf 83' lang='lat' dir='ltr'><strong>interpolator</strong></span> <span class='ocrx_word' id='word_1_150' title='bbox 1748 1490 1803 1518; x_wconf 87' lang='lat' dir='ltr'><strong>ex</strong></span> <span class='ocrx_word' id='word_1_151' title='bbox 1833 1475 1978 1518; x_wconf 91' lang='lat' dir='ltr'><strong>eodem</strong></span> <span class='ocrx_word' id='word_1_152' title='bbox 2009 1476 2103 1518; x_wconf 90' lang='lat' dir='ltr'><strong>loco</strong></span> <span class='ocrx_word' id='word_1_153' title='bbox 2133 1483 2225 1530; x_wconf 90' lang='lat' dir='ltr'><strong>post</strong></span> 
     </span>
     <span class='ocr_line' id='line_1_18' title="bbox 337 1549 2221 1608; baseline -0.002 -13"><span class='ocrx_word' id='word_1_154' title='bbox 337 1570 373 1595; x_wconf 91' lang='lat' dir='ltr'><strong>v.</strong></span> <span class='ocrx_word' id='word_1_155' title='bbox 399 1556 482 1595; x_wconf 92' lang='grc'><strong>848</strong></span> <span class='ocrx_word' id='word_1_156' title='bbox 507 1566 671 1594; x_wconf 88' lang='lat' dir='ltr'><strong>versum</strong></span> <span class='ocrx_word' id='word_1_157' title='bbox 693 1550 897 1593; x_wconf 84' lang='lat' dir='ltr'><strong>addidisse</strong></span> <span class='ocrx_word' id='word_1_158' title='bbox 918 1549 1098 1599; x_wconf 82' lang='lat' dir='ltr'><strong>videtur,</strong></span> <span class='ocrx_word' id='word_1_159' title='bbox 1130 1550 1182 1594; x_wconf 93' lang='lat' dir='ltr'><strong>de</strong></span> <span class='ocrx_word' id='word_1_160' title='bbox 1212 1566 1297 1608; x_wconf 92' lang='lat' dir='ltr'><strong>quo</strong></span> <span class='ocrx_word' id='word_1_161' title='bbox 1328 1550 1513 1595; x_wconf 86' lang='lat' dir='ltr'><strong>Eustath.</strong></span> <span class='ocrx_word' id='word_1_162' title='bbox 1546 1558 1587 1593; x_wconf 89' lang='lat' dir='ltr'><strong>et</strong></span> <span class='ocrx_word' id='word_1_163' title='bbox 1617 1550 1742 1595; x_wconf 87' lang='lat' dir='ltr'><strong>schol.</strong></span> <span class='ocrx_word' id='word_1_164' title='bbox 1776 1550 1826 1594; x_wconf 92' lang='lat' dir='ltr'><strong>ad</strong></span> <span class='ocrx_word' id='word_1_165' title='bbox 1851 1553 1891 1593; x_wconf 88' lang='grc' dir='ltr'><strong><em>Φ</em></strong></span> <span class='ocrx_word' id='word_1_166' title='bbox 1916 1554 1995 1593; x_wconf 88' lang='grc'><strong>140</strong></span> <span class='ocrx_word' id='word_1_167' title='bbox 2020 1549 2221 1593; x_wconf 80' lang='lat' dir='ltr'><strong>referunt:</strong></span> 
     </span>
    </p>

    <p class='ocr_par' dir='ltr' id='par_1_8' title="bbox 336 1622 2222 1835">
     <span class='ocr_line' id='line_1_19' title="bbox 627 1622 1661 1681; baseline 0 -13"><span class='ocrx_word' id='word_1_168' title='bbox 627 1622 869 1681; x_wconf 80' lang='grc' dir='ltr'><strong><em>Πηλεγόνος</em></strong></span> <span class='ocrx_word' id='word_1_169' title='bbox 898 1622 939 1668; x_wconf 82' lang='grc' dir='ltr'><strong>θ’</strong></span> <span class='ocrx_word' id='word_1_170' title='bbox 969 1623 1064 1676; x_wconf 86' lang='grc' dir='ltr'><strong><em>υἱὸς</em></strong></span> <span class='ocrx_word' id='word_1_171' title='bbox 1093 1624 1337 1681; x_wconf 79' lang='grc' dir='ltr'><strong><em>περιδέξιος</em></strong></span> <span class='ocrx_word' id='word_1_172' title='bbox 1352 1622 1661 1681; x_wconf 74' lang='grc' dir='ltr'><strong><em>Ἀστεροπαῖος,</em></strong></span> 
     </span>
     <span class='ocr_line' id='line_1_20' title="bbox 336 1699 2222 1760; baseline -0.002 -13"><span class='ocrx_word' id='word_1_173' title='bbox 336 1706 408 1760; x_wconf 90' lang='lat' dir='ltr'><strong>qui</strong></span> <span class='ocrx_word' id='word_1_174' title='bbox 440 1711 612 1747; x_wconf 91' lang='lat' dir='ltr'><strong>conatus</strong></span> <span class='ocrx_word' id='word_1_175' title='bbox 644 1717 726 1745; x_wconf 92' lang='lat' dir='ltr'><strong>non</strong></span> <span class='ocrx_word' id='word_1_176' title='bbox 758 1702 893 1745; x_wconf 88' lang='lat' dir='ltr'><strong>minus</strong></span> <span class='ocrx_word' id='word_1_177' title='bbox 924 1708 1049 1759; x_wconf 86' lang='lat' dir='ltr'><strong>atque</strong></span> <span class='ocrx_word' id='word_1_178' title='bbox 1079 1701 1146 1745; x_wconf 88' lang='lat' dir='ltr'><strong>ille</strong></span> <span class='ocrx_word' id='word_1_179' title='bbox 1179 1699 1439 1745; x_wconf 83' lang='lat' dir='ltr'><strong>Callisthenis</strong></span> <span class='ocrx_word' id='word_1_180' title='bbox 1470 1702 1566 1745; x_wconf 90' lang='lat' dir='ltr'><strong>satis</strong></span> <span class='ocrx_word' id='word_1_181' title='bbox 1598 1700 1738 1758; x_wconf 88' lang='lat' dir='ltr'><strong>prodit</strong></span> <span class='ocrx_word' id='word_1_182' title='bbox 1764 1716 1816 1745; x_wconf 91' lang='lat' dir='ltr'><strong>ne</strong></span> <span class='ocrx_word' id='word_1_183' title='bbox 1838 1703 2029 1758; x_wconf 89' lang='lat' dir='ltr'><strong>antiquos</strong></span> <span class='ocrx_word' id='word_1_184' title='bbox 2057 1701 2222 1757; x_wconf 90' lang='lat' dir='ltr'><strong>quidem</strong></span> 
     </span>
     <span class='ocr_line' id='line_1_21' title="bbox 338 1778 1428 1835; baseline -0.002 -13"><span class='ocrx_word' id='word_1_185' title='bbox 338 1780 571 1835; x_wconf 83' lang='lat' dir='ltr'><strong>ambiguam</strong></span> <span class='ocrx_word' id='word_1_186' title='bbox 605 1778 733 1835; x_wconf 90' lang='lat' dir='ltr'><strong>hujus</strong></span> <span class='ocrx_word' id='word_1_187' title='bbox 765 1778 937 1833; x_wconf 85' lang='lat' dir='ltr'><strong>catalogi</strong></span> <span class='ocrx_word' id='word_1_188' title='bbox 968 1778 1171 1833; x_wconf 77' lang='lat' dir='ltr'><strong>originem</strong></span> <span class='ocrx_word' id='word_1_189' title='bbox 1199 1778 1428 1834; x_wconf 80' lang='lat' dir='ltr'><strong>ignorasse.</strong></span> 
     </span>
    </p>

    <p class='ocr_par' dir='ltr' id='par_1_9' title="bbox 328 1852 2221 2200">
     <span class='ocr_line' id='line_1_22' title="bbox 454 1852 2220 1910; baseline -0.001 -14"><span class='ocrx_word' id='word_1_190' title='bbox 454 1854 501 1898; x_wconf 87' lang='lat' dir='ltr'><strong>V.</strong></span> <span class='ocrx_word' id='word_1_191' title='bbox 535 1858 630 1898; x_wconf 87' lang='lat'><strong>856</strong></span> <span class='ocrx_word' id='word_1_192' title='bbox 659 1869 740 1910; x_wconf 69' lang='lat' dir='ltr'><strong>sq„</strong></span> <span class='ocrx_word' id='word_1_193' title='bbox 774 1854 844 1910; x_wconf 89' lang='lat' dir='ltr'><strong>qui</strong></span> <span class='ocrx_word' id='word_1_194' title='bbox 867 1854 1027 1909; x_wconf 90' lang='lat' dir='ltr'><strong>quantis</strong></span> <span class='ocrx_word' id='word_1_195' title='bbox 1052 1861 1237 1897; x_wconf 88' lang='lat' dir='ltr'><strong>veterum</strong></span> <span class='ocrx_word' id='word_1_196' title='bbox 1259 1852 1584 1897; x_wconf 87' lang='lat' dir='ltr'><strong>dubitationibus</strong></span> <span class='ocrx_word' id='word_1_197' title='bbox 1605 1860 1646 1896; x_wconf 88' lang='lat' dir='ltr'><strong>et</strong></span> <span class='ocrx_word' id='word_1_198' title='bbox 1666 1852 2028 1909; x_wconf 88' lang='lat' dir='ltr'><strong>disceptationibus</strong></span> <span class='ocrx_word' id='word_1_199' title='bbox 2050 1853 2220 1896; x_wconf 83' lang='lat' dir='ltr'><strong>obnoxii</strong></span> 
     </span>
     <span class='ocr_line' id='line_1_23' title="bbox 335 1927 2221 1987; baseline -0.001 -14"><span class='ocrx_word' id='word_1_200' title='bbox 335 1931 507 1979; x_wconf 85' lang='lat' dir='ltr'><strong>fuerint,</strong></span> <span class='ocrx_word' id='word_1_201' title='bbox 540 1930 701 1986; x_wconf 86' lang='lat' dir='ltr'><strong>prolixa</strong></span> <span class='ocrx_word' id='word_1_202' title='bbox 731 1930 853 1973; x_wconf 91' lang='lat' dir='ltr'><strong>docet</strong></span> <span class='ocrx_word' id='word_1_203' title='bbox 884 1927 1101 1972; x_wconf 86' lang='lat' dir='ltr'><strong>Strabonis</strong></span> <span class='ocrx_word' id='word_1_204' title='bbox 1132 1928 1335 1985; x_wconf 85' lang='lat' dir='ltr'><strong>digressio</strong></span> <span class='ocrx_word' id='word_1_205' title='bbox 1367 1927 1471 1979; x_wconf 83' lang='lat' dir='ltr'><strong>Xll.</strong></span> <span class='ocrx_word' id='word_1_206' title='bbox 1503 1943 1542 1985; x_wconf 90' lang='lat' dir='ltr'><strong>p.</strong></span> <span class='ocrx_word' id='word_1_207' title='bbox 1565 1931 1648 1973; x_wconf 84' lang='grc'><strong>549</strong></span> <span class='ocrx_word' id='word_1_208' title='bbox 1674 1943 1780 1987; x_wconf 69' lang='lat' dir='ltr'><strong>sqq„</strong></span> <span class='ocrx_word' id='word_1_209' title='bbox 1812 1929 1898 1972; x_wconf 89' lang='lat' dir='ltr'><strong>sive</strong></span> <span class='ocrx_word' id='word_1_210' title='bbox 1926 1929 2103 1986; x_wconf 89' lang='lat' dir='ltr'><strong>primus,</strong></span> <span class='ocrx_word' id='word_1_211' title='bbox 2135 1929 2221 1971; x_wconf 90' lang='lat' dir='ltr'><strong>sive</strong></span> 
     </span>
     <span class='ocr_line' id='line_1_24' title="bbox 331 2002 2221 2061; baseline -0.001 -13"><span class='ocrx_word' id='word_1_212' title='bbox 331 2007 439 2049; x_wconf 91' lang='lat' dir='ltr'><strong>alter</strong></span> <span class='ocrx_word' id='word_1_213' title='bbox 481 2006 753 2061; x_wconf 86' lang='lat' dir='ltr'><strong>interpolator</strong></span> <span class='ocrx_word' id='word_1_214' title='bbox 792 2005 1070 2056; x_wconf 86' lang='lat' dir='ltr'><strong>concinnavit,</strong></span> <span class='ocrx_word' id='word_1_215' title='bbox 1112 2005 1290 2060; x_wconf 90' lang='lat' dir='ltr'><strong>primum</strong></span> <span class='ocrx_word' id='word_1_216' title='bbox 1328 2005 1370 2047; x_wconf 90' lang='lat' dir='ltr'><strong>in</strong></span> <span class='ocrx_word' id='word_1_217' title='bbox 1401 2018 1490 2047; x_wconf 91' lang='lat' dir='ltr'><strong>rem</strong></span> <span class='ocrx_word' id='word_1_218' title='bbox 1521 2018 1639 2047; x_wconf 90' lang='lat' dir='ltr'><strong>suam</strong></span> <span class='ocrx_word' id='word_1_219' title='bbox 1671 2005 1877 2047; x_wconf 84' lang='lat' dir='ltr'><strong>transtulit</strong></span> <span class='ocrx_word' id='word_1_220' title='bbox 1920 2004 1954 2047; x_wconf 86' lang='lat' dir='ltr'>E</span> <span class='ocrx_word' id='word_1_221' title='bbox 1997 2008 2051 2047; x_wconf 86' lang='lat'><strong>39</strong></span> <span class='ocrx_word' id='word_1_222' title='bbox 2091 2002 2221 2059; x_wconf 79' lang='grc' dir='ltr'><strong><em>ἀρχὸν</em></strong></span> 
     </span>
     <span class='ocr_line' id='line_1_25' title="bbox 328 2069 2220 2137; baseline -0.001 -14"><span class='ocrx_word' id='word_1_223' title='bbox 328 2069 563 2133; x_wconf 72' lang='grc' dir='ltr'><strong><em>Ἁλὶζώνων</em></strong></span> <span class='ocrx_word' id='word_1_224' title='bbox 591 2078 733 2122; x_wconf 82' lang='grc' dir='ltr'><strong><em>Ὀδίον</em></strong></span> <span class='ocrx_word' id='word_1_225' title='bbox 761 2078 909 2134; x_wconf 75' lang='grc' dir='ltr'><strong><em>μέγαν,</em></strong></span> <span class='ocrx_word' id='word_1_226' title='bbox 940 2088 1027 2122; x_wconf 93' lang='lat' dir='ltr'><strong>tum</strong></span> <span class='ocrx_word' id='word_1_227' title='bbox 1051 2080 1224 2122; x_wconf 90' lang='lat' dir='ltr'><strong>alterum</strong></span> <span class='ocrx_word' id='word_1_228' title='bbox 1258 2094 1410 2123; x_wconf 90' lang='lat' dir='ltr'><strong>nomen</strong></span> <span class='ocrx_word' id='word_1_229' title='bbox 1437 2081 1647 2137; x_wconf 87' lang='lat' dir='ltr'><strong>totiusque</strong></span> <span class='ocrx_word' id='word_1_230' title='bbox 1678 2094 1820 2123; x_wconf 89' lang='lat' dir='ltr'><strong>versus</strong></span> <span class='ocrx_word' id='word_1_231' title='bbox 1850 2079 2220 2123; x_wconf 79' lang='lat' dir='ltr'><strong>conformationem</strong></span> 
     </span>
     <span class='ocr_line' id='line_1_26' title="bbox 333 2140 1921 2200; baseline -0.004 0"><span class='ocrx_word' id='word_1_232' title='bbox 333 2172 384 2200; x_wconf 84' lang='lat' dir='ltr'><strong>ex</strong></span> <span class='ocrx_word' id='word_1_233' title='bbox 416 2155 451 2199; x_wconf 93' lang='lat' dir='ltr'>B</span> <span class='ocrx_word' id='word_1_234' title='bbox 484 2161 568 2200; x_wconf 84' lang='lat'><strong>517</strong></span> <span class='ocrx_word' id='word_1_235' title='bbox 601 2157 762 2199; x_wconf 85' lang='lat' dir='ltr'><strong>furatus</strong></span> <span class='ocrx_word' id='word_1_236' title='bbox 793 2163 876 2198; x_wconf 88' lang='lat' dir='ltr'><strong>est:</strong></span> <span class='ocrx_word' id='word_1_237' title='bbox 1564 2140 1571 2148; x_wconf 31' lang='lat' dir='ltr'><em>s</em></span> <span class='ocrx_word' id='word_1_238' title='bbox 1911 2152 1921 2159; x_wconf 76' lang='grc'><em>”</em></span> 
     </span>
    </p>

    <p class='ocr_par' dir='ltr' id='par_1_10' title="bbox 329 2224 2240 2590">
     <span class='ocr_line' id='line_1_27' title="bbox 621 2224 1922 2287; baseline 0.001 -14"><span class='ocrx_word' id='word_1_239' title='bbox 621 2228 786 2285; x_wconf 80' lang='grc' dir='ltr'><strong><em>αὐτὰρ</em></strong></span> <span class='ocrx_word' id='word_1_240' title='bbox 822 2229 1010 2285; x_wconf 81' lang='grc' dir='ltr'><strong><em>Φωκήων</em></strong></span> <span class='ocrx_word' id='word_1_241' title='bbox 1039 2232 1242 2286; x_wconf 77' lang='grc' dir='ltr'><strong><em>Σχεδίος</em></strong></span> <span class='ocrx_word' id='word_1_242' title='bbox 1270 2230 1356 2274; x_wconf 79' lang='grc' dir='ltr'><strong>καὶ</strong></span> <span class='ocrx_word' id='word_1_243' title='bbox 1382 2228 1724 2287; x_wconf 80' lang='grc' dir='ltr'><strong><em>Ἐπίστροφος</em></strong></span> <span class='ocrx_word' id='word_1_244' title='bbox 1752 2224 1922 2287; x_wconf 87' lang='grc' dir='ltr'><strong><em>ἦρχον.</em></strong></span> 
     </span>
     <span class='ocr_line' id='line_1_28' title="bbox 330 2305 2216 2363; baseline 0.001 -13"><span class='ocrx_word' id='word_1_245' title='bbox 330 2308 479 2350; x_wconf 84' lang='lat' dir='ltr'><strong>Altero</strong></span> <span class='ocrx_word' id='word_1_246' title='bbox 512 2320 656 2355; x_wconf 87' lang='lat' dir='ltr'><strong>versu,</strong></span> <span class='ocrx_word' id='word_1_247' title='bbox 704 2306 1083 2363; x_wconf 88' lang='lat' dir='ltr'><strong>quomodocunque</strong></span> <span class='ocrx_word' id='word_1_248' title='bbox 1118 2314 1358 2362; x_wconf 82' lang='lat' dir='ltr'><strong>argenteam</strong></span> <span class='ocrx_word' id='word_1_249' title='bbox 1388 2307 1495 2350; x_wconf 90' lang='lat' dir='ltr'><strong>illius</strong></span> <span class='ocrx_word' id='word_1_250' title='bbox 1527 2306 1724 2363; x_wconf 91' lang='lat' dir='ltr'><strong>temporis</strong></span> <span class='ocrx_word' id='word_1_251' title='bbox 1755 2305 2021 2350; x_wconf 82' lang='lat' dir='ltr'><strong>Californiam</strong></span> <span class='ocrx_word' id='word_1_252' title='bbox 2054 2308 2216 2352; x_wconf 85' lang='lat' dir='ltr'><strong>extulit.</strong></span> 
     </span>
     <span class='ocr_line' id='line_1_29' title="bbox 329 2374 2240 2426; baseline -0.001 -1"><span class='ocrx_word' id='word_1_253' title='bbox 329 2384 419 2426; x_wconf 89' lang='lat' dir='ltr'><strong>sine</strong></span> <span class='ocrx_word' id='word_1_254' title='bbox 450 2381 579 2426; x_wconf 90' lang='lat' dir='ltr'><strong>dubio</strong></span> <span class='ocrx_word' id='word_1_255' title='bbox 611 2382 848 2425; x_wconf 89' lang='lat' dir='ltr'><strong>imitaturus</strong></span> <span class='ocrx_word' id='word_1_256' title='bbox 881 2389 966 2425; x_wconf 87' lang='lat' dir='ltr'><strong>erat</strong></span> <span class='ocrx_word' id='word_1_257' title='bbox 996 2397 1034 2425; x_wconf 84' lang='lat' dir='ltr'><strong>v.</strong></span> <span class='ocrx_word' id='word_1_258' title='bbox 1068 2385 1151 2425; x_wconf 80' lang='lat'><strong>852</strong></span> <span class='ocrx_word' id='word_1_259' title='bbox 2236 2374 2240 2382; x_wconf 84' lang='grc'><strong>’</strong></span> 
     </span>
     <span class='ocr_line' id='line_1_30' title="bbox 617 2452 1835 2513; baseline 0 -12"><span class='ocrx_word' id='word_1_260' title='bbox 617 2455 658 2509; x_wconf 81' lang='grc' dir='ltr'><strong>ἐξ</strong></span> <span class='ocrx_word' id='word_1_261' title='bbox 686 2453 881 2509; x_wconf 79' lang='grc' dir='ltr'><strong><em>Ἐνετῶν,</em></strong></span> <span class='ocrx_word' id='word_1_262' title='bbox 914 2454 1016 2501; x_wconf 80' lang='grc' dir='ltr'><strong><em>ὅθεν</em></strong></span> <span class='ocrx_word' id='word_1_263' title='bbox 1045 2452 1280 2512; x_wconf 85' lang='grc' dir='ltr'><strong><em>ἡμιόνων</em></strong></span> <span class='ocrx_word' id='word_1_264' title='bbox 1308 2455 1461 2512; x_wconf 77' lang='grc' dir='ltr'><strong><em>γένος</em></strong></span> <span class='ocrx_word' id='word_1_265' title='bbox 1491 2454 1835 2513; x_wconf 78' lang='grc' dir='ltr'><strong><em>ἀγροτεράων,</em></strong></span> 
     </span>
     <span class='ocr_line' id='line_1_31' title="bbox 330 2530 1832 2590; baseline -0.001 -13"><span class='ocrx_word' id='word_1_266' title='bbox 330 2542 369 2577; x_wconf 85' lang='lat' dir='ltr'><strong>et</strong></span> <span class='ocrx_word' id='word_1_267' title='bbox 400 2533 521 2577; x_wconf 89' lang='lat' dir='ltr'><strong>simul</strong></span> <span class='ocrx_word' id='word_1_268' title='bbox 554 2533 738 2578; x_wconf 90' lang='lat' dir='ltr'><strong>alludere</strong></span> <span class='ocrx_word' id='word_1_269' title='bbox 769 2532 820 2576; x_wconf 93' lang='lat' dir='ltr'><strong>ad</strong></span> <span class='ocrx_word' id='word_1_270' title='bbox 851 2538 1039 2577; x_wconf 89' lang='lat' dir='ltr'><strong>auratum</strong></span> <span class='ocrx_word' id='word_1_271' title='bbox 1072 2530 1227 2577; x_wconf 92' lang='lat' dir='ltr'><strong>Carum</strong></span> <span class='ocrx_word' id='word_1_272' title='bbox 1258 2533 1488 2590; x_wconf 90' lang='lat' dir='ltr'><strong>principem</strong></span> <span class='ocrx_word' id='word_1_273' title='bbox 1521 2548 1559 2578; x_wconf 85' lang='lat' dir='ltr'><strong>v.</strong></span> <span class='ocrx_word' id='word_1_274' title='bbox 1592 2535 1832 2577; x_wconf 80' lang='lat'><strong>872—875.</strong></span> 
     </span>
    </p>

    <p class='ocr_par' dir='ltr' id='par_1_11' title="bbox 329 2608 2217 2816">
     <span class='ocr_line' id='line_1_32' title="bbox 446 2608 2217 2667; baseline -0.001 -15"><span class='ocrx_word' id='word_1_275' title='bbox 446 2608 565 2663; x_wconf 85' lang='lat' dir='ltr'><strong>Quae</strong></span> <span class='ocrx_word' id='word_1_276' title='bbox 595 2614 830 2667; x_wconf 89' lang='lat' dir='ltr'><strong>sequuntur</strong></span> <span class='ocrx_word' id='word_1_277' title='bbox 860 2608 937 2651; x_wconf 89' lang='lat' dir='ltr'><strong>tria</strong></span> <span class='ocrx_word' id='word_1_278' title='bbox 962 2622 1158 2652; x_wconf 83' lang='lat' dir='ltr'><strong>versuum</strong></span> <span class='ocrx_word' id='word_1_279' title='bbox 1178 2609 1313 2666; x_wconf 85' lang='lat' dir='ltr'><strong>paria,</strong></span> <span class='ocrx_word' id='word_1_280' title='bbox 1345 2611 1430 2653; x_wconf 89' lang='lat'><strong>858</strong></span> <span class='ocrx_word' id='word_1_281' title='bbox 1451 2623 1511 2666; x_wconf 86' lang='lat' dir='ltr'><strong>sq.</strong></span> <span class='ocrx_word' id='word_1_282' title='bbox 1539 2610 1788 2658; x_wconf 77' lang='lat'><strong>862-865,</strong></span> <span class='ocrx_word' id='word_1_283' title='bbox 1821 2609 2033 2653; x_wconf 84' lang='lat' dir='ltr'><strong>contexuit</strong></span> <span class='ocrx_word' id='word_1_284' title='bbox 2055 2608 2217 2667; x_wconf 88' lang='lat' dir='ltr'><strong>adjutus</strong></span> 
     </span>
     <span class='ocr_line' id='line_1_33' title="bbox 329 2687 1127 2732; baseline 0.006 -5"><span class='ocrx_word' id='word_1_285' title='bbox 329 2687 367 2726; x_wconf 89' lang='lat' dir='ltr'><em>P</em></span> <span class='ocrx_word' id='word_1_286' title='bbox 394 2689 621 2728; x_wconf 76' lang='lat'><strong>216—218</strong></span> <span class='ocrx_word' id='word_1_287' title='bbox 1107 2718 1127 2732; x_wconf 50' lang='grc' dir='ltr'><em>φ</em></span> 
     </span>
     <span class='ocr_line' id='line_1_34' title="bbox 619 2758 1946 2816; baseline -0.001 -13"><span class='ocrx_word' id='word_1_288' title='bbox 619 2758 877 2813; x_wconf 81' lang='grc' dir='ltr'><strong><em>Μέσθλην</em></strong></span> <span class='ocrx_word' id='word_1_289' title='bbox 906 2775 946 2802; x_wconf 84' lang='grc' dir='ltr'><strong>τε</strong></span> <span class='ocrx_word' id='word_1_290' title='bbox 978 2758 1216 2803; x_wconf 84' lang='grc' dir='ltr'><strong><em>Γλαῦκόν</em></strong></span> <span class='ocrx_word' id='word_1_291' title='bbox 1244 2775 1288 2803; x_wconf 81' lang='grc' dir='ltr'><strong>τε</strong></span> <span class='ocrx_word' id='word_1_292' title='bbox 1319 2758 1520 2804; x_wconf 78' lang='grc' dir='ltr'><strong><em>Μέδοντά</em></strong></span> <span class='ocrx_word' id='word_1_293' title='bbox 1547 2776 1591 2803; x_wconf 84' lang='grc' dir='ltr'><strong>τε</strong></span> <span class='ocrx_word' id='word_1_294' title='bbox 1624 2758 1877 2816; x_wconf 85' lang='grc' dir='ltr'><strong><em>Θερσίλοχόν</em></strong></span> <span class='ocrx_word' id='word_1_295' title='bbox 1904 2776 1946 2802; x_wconf 83' lang='grc' dir='ltr'><strong>τε</strong></span> 
     </span>
    </p>

    <p class='ocr_par' dir='ltr' id='par_1_12' title="bbox 326 2833 2216 3044">
     <span class='ocr_line' id='line_1_35' title="bbox 614 2833 1776 2891; baseline 0.001 -13"><span class='ocrx_word' id='word_1_296' title='bbox 614 2833 977 2891; x_wconf 76' lang='grc' dir='ltr'><strong><em>Ἀστεροπαῖόν</em></strong></span> <span class='ocrx_word' id='word_1_297' title='bbox 1006 2849 1049 2878; x_wconf 87' lang='grc' dir='ltr'><strong>τε</strong></span> <span class='ocrx_word' id='word_1_298' title='bbox 1079 2834 1320 2891; x_wconf 83' lang='grc' dir='ltr'><strong><em>Δεισήνορά</em></strong></span> <span class='ocrx_word' id='word_1_299' title='bbox 1349 2834 1391 2879; x_wconf 82' lang='grc' dir='ltr'><strong>θ’</strong></span> <span class='ocrx_word' id='word_1_300' title='bbox 1418 2833 1705 2879; x_wconf 80' lang='grc' dir='ltr'><strong><em>Ἱππόθοόν</em></strong></span> <span class='ocrx_word' id='word_1_301' title='bbox 1734 2850 1776 2879; x_wconf 86' lang='grc' dir='ltr'><strong>τε</strong></span> 
     </span>
     <span class='ocr_line' id='line_1_36' title="bbox 622 2907 1953 2967; baseline 0.002 -15"><span class='ocrx_word' id='word_1_302' title='bbox 622 2907 828 2964; x_wconf 82' lang='grc' dir='ltr'><strong><em>Φόρκυν</em></strong></span> <span class='ocrx_word' id='word_1_303' title='bbox 857 2924 900 2951; x_wconf 83' lang='grc' dir='ltr'><strong>τε</strong></span> <span class='ocrx_word' id='word_1_304' title='bbox 932 2912 1163 2966; x_wconf 84' lang='grc' dir='ltr'><strong><em>Χρομίον</em></strong></span> <span class='ocrx_word' id='word_1_305' title='bbox 1191 2926 1241 2955; x_wconf 86' lang='grc' dir='ltr'><strong>τε</strong></span> <span class='ocrx_word' id='word_1_306' title='bbox 1270 2911 1355 2954; x_wconf 80' lang='grc' dir='ltr'><strong>καὶ</strong></span> <span class='ocrx_word' id='word_1_307' title='bbox 1382 2909 1634 2967; x_wconf 80' lang='grc' dir='ltr'><strong><em>Ἔννομον</em></strong></span> <span class='ocrx_word' id='word_1_308' title='bbox 1664 2910 1953 2967; x_wconf 82' lang='grc' dir='ltr'><strong><em>οἰωνιστήν,</em></strong></span> 
     </span>
     <span class='ocr_line' id='line_1_37' title="bbox 326 2987 2216 3044; baseline -0.001 -14"><span class='ocrx_word' id='word_1_309' title='bbox 326 3003 378 3030; x_wconf 83' lang='lat' dir='ltr'><strong>ex</strong></span> <span class='ocrx_word' id='word_1_310' title='bbox 419 2987 568 3043; x_wconf 91' lang='lat' dir='ltr'><strong>quibus</strong></span> <span class='ocrx_word' id='word_1_311' title='bbox 609 2988 843 3029; x_wconf 90' lang='lat' dir='ltr'><strong>nominibus</strong></span> <span class='ocrx_word' id='word_1_312' title='bbox 882 2988 1004 3029; x_wconf 89' lang='lat' dir='ltr'><strong>etiam</strong></span> <span class='ocrx_word' id='word_1_313' title='bbox 1049 2987 1396 3044; x_wconf 84' lang='lat' dir='ltr'><strong>Hippothoum</strong></span> <span class='ocrx_word' id='word_1_314' title='bbox 1437 2996 1477 3031; x_wconf 92' lang='lat' dir='ltr'><strong>et</strong></span> <span class='ocrx_word' id='word_1_315' title='bbox 1508 2987 1753 3032; x_wconf 86' lang='lat' dir='ltr'><strong>Glaucum</strong></span> <span class='ocrx_word' id='word_1_316' title='bbox 1785 2990 1873 3044; x_wconf 91' lang='lat' dir='ltr'><strong>ipse</strong></span> <span class='ocrx_word' id='word_1_317' title='bbox 1903 3003 1944 3029; x_wconf 90' lang='lat' dir='ltr'><strong>v.</strong></span> <span class='ocrx_word' id='word_1_318' title='bbox 1980 2991 2075 3031; x_wconf 89' lang='grc'>840.</span> <span class='ocrx_word' id='word_1_319' title='bbox 2110 2992 2216 3034; x_wconf 85' lang='grc'><strong>876,</strong></span> 
     </span>
    </p>
   </div>
  </div>
 </body>
</html>
