2578 3714
709 479 986 537 murex
1025 453 1528 540 mmmmm

269 707 807 801 ninnium!
853 603 1520 803 Uvannlisl'rffl
1569 709 2056 803 Tumens}

760 948 791 984 A
827 945 919 986 DlE
950 945 1081 987 XXV.
1117 944 1318 989 MENSIS
1348 946 1559 989 armus

622 1101 625 1102 γ
903 1044 908 1048 ’
1082 1050 1229 1091 osona

478 1142 551 1183 AD
585 1141 723 1183 DIEM
755 1140 905 1183 XXIV.
942 1141 1141 1186 MENsls
1170 1142 1511 1187 SEPTEuBms
1541 1139 1825 1187 uncccun

995 1245 1318 1279 mammon.

451 1366 647 1406 nector
686 1364 1023 1415 mammenus
1070 1364 1179 1405 m).
1209 1348 1694 1405 usmitan-cnm
1708 1391 1726 1414 ‚
1770 1366 1860 1404 nr.

717 1609 763 1664 1.
847 1606 1095 1665 ordinis
1133 1574 1588 1682 Theologomn.

595 1732 853 1783 Decanus:
906 1731 965 1781 Α.
1001 1730 1361 1793 Schweizer‚
1408 1730 1500 1781 Dr.
1538 1730 1707 1809 Theol.

651 1851 694 1900 1.
780 1848 1177 1917 professorum
1217 1850 1640 1903 ordinariorum
1650 1868 1667 1900 .·

885 1974 928 2015 F.
961 1974 1135 2022 Hui-zm
1167 1970 1239 2015 Dr.
1271 1971 1417 2015 Theoi.

327 2059 361 2110 1)
394 2055 751 2126 Introductionis
739 2068 781 2095 in
805 2054 851 2095 V
869 2055 914 2096 Τ.
937 2052 1068 2096 libros
1089 2060 1251 2110 partem
1278 2054 1515 2111 generalem
1544 2056 1673 2097 ternis
1694 2069 1771 2111 per
1792 2055 2095 2100 hebdomadem

209 2117 321 2158 horis
352 2112 500 2158 tradet.

323 2175 362 2226 2)
394 2173 584 2217 Psalmos
614 2172 753 2228 quinis
783 2171 920 2220 horis,
953 2179 992 2215 et

322 2235 361 2285 3)
392 2232 603 2288 Epistulas
634 2229 686 2272 ad
707 2229 1100 2272 Thessalonicenses
1130 2229 1182 2271 ad
1209 2230 1473 2272 Timotheum
1506 2239 1547 2271 et
1578 2231 1631 2309 ad
1652 2233 1790 2273 Titum
1823 2232 1939 2274 datas
1972 2236 2096 2275 ternis

210 2290 321 2332 horis
352 2286 707 2346 interpretabitur.

323 2350 361 2402 lo)
394 2349 456 2391 De
486 2346 649 2390 Eznikii
682 2345 972 2389 »Refntatione
1003 2353 1237 2389 sectarum«
1269 2345 1453 2403 singulas
1484 2347 1650 2389 scholas
1682 2347 1861 2390 habebit

847 2430 886 2470 J.
923 2429 967 2470 P.
1000 2429 1167 2475 Lmen,
1200 2429 1269 2470 Dr.
1302 2428 1448 2470 Theoi.

324 2513 359 2566 1)
401 2512 522 2565 Quae
564 2511 616 2553 de
653 2509 806 2552 Christi
847 2516 998 2552 natura
1035 2510 1076 2551 in
1117 2508 1162 2550 V.
1194 2507 1240 2551 Τ.
1285 2509 1398 2552 libris
1441 2510 1685 2557 tradantur,
1734 2527 1785 2553 ex
1829 2513 2002 2569 epistola
2045 2514 2094 2554 ad

207 2570 428 2613 Hebraeos
460 2570 586 2612 missa
615 2568 745 2611 ternis
775 2567 889 2610 boris
920 2566 1158 2624 explicabit.

322 2629 361 2684 2)
394 2627 604 2671 Historiae
634 2625 940 2669 ecclesiasticae
971 2631 1132 2682 partem
1163 2625 1347 2682 priorem
1378 2626 1514 2682 quinis
1544 2627 1659 2670 horis
1691 2628 1913 2673 enarrabit.

322 2688 362 2740 3)
396 2686 624 2740 Ouomodo
656 2683 912 2741 dogmatices
943 2683 1176 2741 praecentis
1207 2683 1408 2727 utendum
1440 2684 1518 2734 sit,
1551 2685 1660 2729 binis
1692 2686 1805 2730 horis
1838 2688 2039 2730 ostendet.

322 2747 362 2799 4)
396 2744 728 2787 Exercitationes
759 2742 1028 2784 homileticas
1048 2743 1153 2784 binis
1184 2741 1299 2784 horis
1330 2715 1629 2786 moderabitur.

833 2827 879 2865 Α.
911 2825 1186 2870 Scuwssizaa
1220 2825 1294 2866 Dr.
1326 2824 1469 2867 Theoi.

325 2910 361 2961 1)
393 2909 494 2952 Jesu
526 2907 650 2951 vitam
682 2907 896 2964 quaternis
928 2905 1040 2950 horis
1070 2903 1295 2949 enarrabit.

324 2968 364 3022 2)
395 2967 650 3022 Dogmatum
692 2964 943 3008 reformatae
981 2964 1184 3007 ecclesiae
1214 2966 1463 3008 auctoritate
1494 2968 1848 3024 praescriptorum
1882 2968 2094 3009 historiam

210 3024 270 3068 bis
252 3040 357 3137 δὲ)
375 3023 847 3125 hArttzfflehomsseficam
880 3080 986 3124 binis
1018 3081 1130 3125 horis
1161 3080 1345 3124 docebit.
