2578 3714
1107 158 1433 203 —19-
1977 209 2008 238 Ι

337 294 520 335 Primum
551 291 676 348 idque
705 292 1009 348 apertissimum
1040 292 1277 349 exemplum
1320 292 1506 335 versibus
1546 294 1630 335 528
1647 293 1777 345 -m
1812 293 2071 339 continetur.
2120 307 2225 349 quos

336 381 480 410 omnes
511 365 775 415 Zenodotus.
806 366 915 411 duos
944 374 1058 411 certe
1086 368 1342 424 posteriores
1372 381 1517 411 eorum
1548 364 1817 418 Aristarchis
1848 366 2016 422 rejecit,
2046 368 2157 423 quod
2186 376 2224 410 et

336 444 475 498 inepte
505 448 599 498 post
634 443 786 497 μείων,
831 439 923 486 οὔτι
959 439 1083 493 τόσος
1116 457 1163 497 γε
1198 442 1445 486 inferciatur
1474 439 1579 486 ἀλλὰ
1614 438 1727 494 πολὺ
1755 441 1904 497 μείων,
1950 455 2028 485 nec
2056 443 2225 484 omnino

337 518 496 561 Oileius
526 517 768 562 Telamonio
798 518 936 561 minor
964 518 1091 562 suerit
1134 518 1200 575 (ad
1230 518 1344 577 quod
1381 516 1747 577 demonstrandam
1778 515 1822 561 N
1853 519 2086 563 701—704
2115 516 2228 559 adbi-

337 593 552 649 buerunt),
583 600 624 636 et
651 593 801 637 Graeci
830 594 1126 649 χαλκοχίτωνες
1155 594 1290 637 linteis
1321 594 1460 637 loricis
1488 595 1551 638 usi
1582 606 1667 642 uon
1690 592 1866 641 fuerint.
1900 599 1938 635 et
1963 590 2226 647 Πανέλληνες

336 669 388 711 ab
432 684 509 713 usu
551 670 776 712 Homerico
818 669 1091 719 abhorreant,
1138 677 1178 713 et
1217 670 1317 713 illud
1357 670 1470 727 quod
1509 685 1547 714 v.
1580 672 1668 714 530
1705 669 1758 712 de
1789 668 1923 727 Ajace
1964 668 2228 726 praedicetur

334 753 523 802 apertum
565 747 616 788 sit
657 746 925 789 mendacium.
985 745 1038 789 Et
1082 746 1194 796 vide,
1244 745 1457 803 quomodo
1494 745 1769 803 interpolator
1810 753 1851 788 et
1891 759 1980 788 rem
2020 753 2059 787 et
2100 745 2224 788 verba

336 821 628 878 compilaverit.
686 820 858 865 Fundus
889 830 955 877 est
979 837 1087 866 sane>
1106 821 1149 866 N
1181 826 1431 872 712-722,
1465 821 1533 865 ubi
1564 836 1674 880 qnae
1703 822 1755 865 de
1787 821 1865 864 levi
1896 823 2129 864 Locrorum
2161 836 2227 863 ar-

335 905 493 941 matura
524 897 655 940 fusius
687 904 924 948 narrantur.
971 899 1206 943 recentiore
1246 899 1311 942 bic
1341 898 1523 955 epitheto
1552 895 1793 953 λινοθώρηξ
1824 897 1876 940 ad
1906 898 2043 954 ipsum
2076 897 2224 939 ducem

333 972 586 1016 referuntur.
647 970 755 1016 Tum
784 973 913 1029 μείων
942 973 1022 1016 vid.
1056 976 1098 1016 Γ
1125 977 1221 1021 193.
1256 971 1351 1018 οὔτι
1378 980 1475 1032 post
1503 972 1822 1029 affirmationem
1854 971 1892 1015 A
1924 975 2010 1016 416
2042 981 2082 1015 et
2112 971 2222 1021 alibi,

333 1046 455 1098 τόσος
475 1064 502 1090 α
524 1052 621 1090 207.
656 1050 678 1090 l-
699 1052 797 1097 556,
835 1047 1099 1105 Τελαμώνιος
1123 1050 1231 1099 Αἴας
1253 1050 1511 1107 saepissime,
1541 1045 1683 1103 ὀλίγος
1703 1064 1720 1090 ι
1734 1037 1839 1100 ⁴515,
1871 1047 2067 1090 ἐκέκαστο
2088 1046 2228 1103 ”Emer

336 1127 385 1164 Π
408 1127 493 1166 808
523 1138 608 1180 sq.;
643 1122 915 1179 Πανέλληνας
945 1125 1115 1168 Hesiodi
1140 1139 1235 1168 esse
1264 1132 1425 1168 constat
1455 1123 1485 1167 ἔ.
1507 1126 1624 1176 528,
1655 1124 1726 1166 sed
1757 1123 1977 1167 admiscuit
2007 1122 2043 1165 B
2075 1128 2175 1166 684.

449 1198 556 1243 Tum
597 1213 635 1241 v.
668 1202 774 1248 629,
820 1201 890 1258 qui
928 1208 1105 1258 excepto
1130 1195 1302 1244 nomine
1329 1201 1504 1258 proprio
1531 1199 1680 1248 iisdem
1713 1198 1849 1242 verbis
1880 1214 1904 1242 ο
1936 1201 2019 1242 254
2051 1199 2221 1257 legitur,

332 1276 509 1317 hominis
531 1275 695 1317 videtur
716 1289 825 1322 esse,
857 1276 928 1332 qui
959 1290 1042 1318 nou
1075 1283 1157 1318 tam
1190 1276 1367 1335 Phylei
1396 1276 1534 1332 fugam
1559 1273 1679 1319 Elide
1709 1275 1750 1316 iu
1781 1275 1954 1317 insulam
1985 1274 2223 1317 Dulichium
2288 1336 2295 1342 ,

331 1358 564 1407 susceptam
594 1350 816 1402 adnotare,
859 1365 983 1408 quam
1014 1349 1263 1407 Megete'm
1292 1352 1427 1408 ipsum
1457 1349 1551 1394 alibi
1587 1375 1636 1382 —
1678 1351 1716 1394 0
1748 1354 1847 1394 519.
1881 1354 1959 1394 691
1997 1366 2056 1408 sq.
2091 1360 2222 1395 —sut

330 1426 584 1483 Epeorum
611 1426 764 1470 ducem
796 1426 1079 1469 introductum
1104 1441 1204 1483 cum
1234 1427 1297 1470 his
1327 1427 1393 1469 bic
1423 1440 1612 1484 quoque,
1659 1434 1861 1483 quantum
1901 1426 1993 1469 fieri
2033 1435 2217 1483 poterat.

330 1502 591 1561 conjungere
611 1502 811 1547 studeret».
860 1501 966 1546 Jure
991 1501 1212 1546 notabatur
1241 1501 1294 1545 ab
1322 1500 1611 1545 Alexandrinis
1643 1502 1855 1559 negligens
1886 1503 2146 1560 pronominis
2178 1501 2223 1553 ὃς

330 1578 595 1637 amphibolia,
618 1578 729 1636 quod
755 1592 836 1625 non
859 1579 992 1622 minus
1020 1578 1125 1622 bene
1150 1579 1201 1622 ad
1223 1576 1429 1636 Megetem
1451 1592 1572 1636 quam
1593 1577 1642 1621 ad
1668 1579 1868 1637 Pbyleum
1895 1581 2044 1622 referri
2071 1588 2205 1637 potest

441 1655 607 1699 Planius
638 1655 782 1701 etiam.
817 1669 893 1698 cur
924 1669 961 1696 v.
993 1657 1080 1697 634
1104 1655 1292 1698 intrusus
1322 1654 1465 1702 fuerit.
1505 1654 1768 1711 intelligitur:
1807 1655 1963 1698 scilicet
1996 1655 2224 1698 fabricator

329 1744 487 1773 memor
517 1730 626 1773 illius

617 1804 845 1862 Δουλίχιόν
874 1821 916 1848 τε
948 1803 1072 1861 Σάμη
1102 1821 1145 1848 τε
1174 1806 1244 1848 καὶ
1270 1803 1453 1862 ὑλήεσσα
1484 1805 1734 1858 Ζάκυνθος,

327 1898 421 1925 cum
445 1884 559 1939 prior
580 1884 709 1925 insula
733 1897 786 1925 ex
808 1883 1074 1938 catalogistae
1093 1884 1294 1925 sententia
1309 1883 1399 1940 jam
1421 1897 1457 1925 v·
1475 1886 1557 1925 625
1580 1885 1621 1926 in
1639 1881 1818 1939 Megetis
1835 1885 2023 1926 cessisset
2038 1893 2221 1941 potesta-

328 1968 423 2006 tem,
456 1966 568 2002 certe
589 1958 691 2001 duas
712 1958 964 2015 posteriores
986 1956 1099 2002 Ulixi
1119 1973 1198 2002 suo
1220 1959 1496 2002 vindicaturus
1518 1968 1625 2007 erat,
1657 1960 1849 2015 imperite
1870 1974 1950 2016 pro
1977 1957 2120 2003 Same
2152 1961 2216 2002 illa

327 2034 517 2079 Samon
556 2047 728 2091 prorsus
769 2033 973 2077 diversam
1016 2032 1289 2083 substituens,
1332 2034 1443 2092 quod
1474 2048 1626 2078 nomen
1657 2034 1764 2078 male
1796 2049 1845 2078 ex
1879 2032 2046 2089 Σάμοιο
2076 2037 2100 2078 δ
2132 2040 2208 2078 671

327 2111 447 2153 etiam
470 2107 646 2154 Ulixeae
676 2109 832 2152 insulae
862 2109 971 2167 apud
999 2108 1233 2153 Homerum
1253 2109 1393 2159 sssuisse
1417 2108 1589 2153 credidit
1611 2108 1767 2152 Strabo
1789 2108 1852 2162 X,
1873 2108 1922 2160 ⁴2,
1954 2114 2000 2153 11
2023 2112 2074 2167 (p.
2099 2114 2214 2156 453³,

325 2200 407 2243 quo
440 2185 547 2228 baud
580 2184 725 2228 melius
757 2184 1001 2228 Zenodotus
1033 2183 1213 2241 ἄμετρον
1241 2187 1378 2227 ποιῶν
1406 2185 1617 2242 scripsisse
1649 2185 1801 2228 dicitur
1833 2184 2013 2241 Σάμην.

441 2260 507 2304 De
537 2264 614 2304 641
643 2275 705 2318 sq.
739 2260 865 2304 schol.
888 2260 927 2303 A
947 2259 1097 2304 refert:
1134 2258 1368 2317 Ζηνόδοτος
1387 2263 1537 2317 τοῦτον
1556 2260 1626 2303 καὶ
1643 2258 1719 2303 τὸν
1745 2259 1838 2316 ἑξῆς
1862 2259 2084 2317 ἠθέτηκεν.
2117 2265 2215 2311 ἴσως

324 2334 589 2387 ὑποπτεύσας
608 2335 684 2380 τὸν
702 2335 952 2392 Μελέαγρον
970 2331 1224 2392 αεχωρίσθαι
1243 2338 1325 2379 τῶν
1341 2335 1495 2386 Οἰνέως
1509 2337 1690 2381 παίδων.
1713 2338 1871 2392 εἴρηται
1888 2336 1933 2381 δὲ
1950 2336 1992 2389 ἐξ
2010 2335 2216 2393 ὀνόματος

322 2411 407 2457 κατ’
430 2411 589 2470 ἐξοχὴν,
611 2410 806 2469 καθάπερ
827 2412 894 2457 ἐπὶ
912 2415 989 2456 τοῦ
1012 2411 1147 2463 »Ζεὺς
1167 2410 1205 2456 δ’
1224 2411 1308 2456 ἐπεὶ
1328 2405 1408 2456 οὖν
1432 2410 1575 2467 Τρῶάς
1594 2429 1636 2456 τε
1655 2413 1725 2456 καὶ
1743 2411 1969 2468 ”Εκτορα((.
2001 2415 2069 2456 καὶ
2090 2413 2171 2469 γὰρ
2193 2413 2216 2456 ὁ

311 2489 473 2550 “Europe
500 2487 619 2546 Τρὼς
637 2482 703 2546 ἦν.
746 2490 898 2534 Verum
921 2489 1170 2537 zenodotus,
1202 2489 1278 2533 uisi
1299 2488 1430 2538 fallor.
1462 2489 1502 2532 iu
1523 2504 1575 2533 eo
1597 2490 1775 2533 maxime
1797 2489 1995 2540 offendit,
2028 2491 2139 2549 quod
2154 2507 2214 2535 »ex

296 2567 455 2615 ‚Oenei
476 2566 570 2610 filiis
596 2565 733 2609 solus
765 2566 994 2622 Meleager.
1026 2579 1103 2609 uec
1134 2566 1253 2609 etiam
1285 2563 1451 2623 Tydeus
1481 2565 1788 2609 memorabatur
1820 2568 1983 2624 saepius
2015 2568 2055 2611 iu
2091 2569 2215 2611 lliadc

322 2648 691 2685 commemoratus:
740 2642 835 2684 binc
866 2642 986 2683 etiam
1017 2642 1058 2682 in
1090 2642 1183 2684 cod.
1217 2642 1457 2696 Mosqneusi
1488 2650 1580 2696 post
1612 2644 1696 2683 642
1728 2642 1808 2697 legi
1840 2642 1992 2684 dicitur
2024 2644 2088 2684 καὶ
2131 2648 2213 2685 Τυ-

312 2715 416 2770 ιδεεὺς
455 2716 502 2762 ἐν
546 2715 726 2773 Θήβαις,
771 2714 831 2761 ὅτ’
870 2713 1058 2761 ἀπώλετο
1095 2714 1195 2767 λαὸς
1232 2712 1427 2771 Ἀχαιῶν,
1474 2717 1544 2774 qui
1584 2716 1826 2774 desumptus
1868 2733 1920 2762 ex
1954 2718 1988 2762 Z
2021 2723 2103 2763 223
2133 2721 2212 2763 bn«-

320 2793 446 2838 modo
477 2793 721 2837 scribendus
752 2799 793 2836 et
822 2792 1177 2851 interpungendus
1207 2798 1292 2834 est:

605 2868 671 2912 καὶ
711 2868 893 2921 Τυδεύς,
928 2865 1088 2924 Θήβαις
1116 2864 1174 2911 ὅτ’
1205 2863 1394 2911 ἀπώλετο
1424 2865 1525 2918 λαός
1552 2865 1740 2923 Ἀχαιῶν.

314 2944 404 2991 Sed
438 2953 581 2992 nostro
614 2946 707 2991 loco
737 2936 958 2990 inserendo
983 2959 1127 2997 vausam
1154 2943 1350 3003 praebuit
1374 2931 1634 3004 primum—E
1663 2948 1743 2989 116
1775 2960 1833 3004 sq.
