2578 3714
782 127 847 172 :2³9

334 372 525 423 poe-tae
563 374 696 412 artem
835 367 1026 428 iejunam
1069 368 1415 413 contextoris
1454 367 1799 412 machinationem
1829 382 1851 410 a
1882 383 1928 410 se
1957 367 2152 411 illustrari
2186 376 2228 410 et

334 444 620 488 commendari
651 458 735 488 non
783 434 1013 510 {telligunt
1075 446 1135 489 lta
1166 444 1236 498 fit,
1280 452 1327 488 ut
1357 444 1470 503 quod
1513 443 1708 488 abhorret
1749 443 1801 486 ab
1842 444 1955 487 omni
1997 445 2113 500 poesi
2155 444 2226 486 sed

336 514 485 562 mentis
517 528 579 563 est
610 527 784 578 reputan
873 520 1070 568 sollertis.
1105 521 1147 564 id
1178 528 1388 579 tamquam
1417 521 1567 564 summi
1598 524 1749 578 potitae
1777 519 1994 563 artificium
2026 520 2230 562 admiren-

334 604 429 643 tur.
473 596 546 637 sed
577 575 778 653 quidq⁸uid
827 593 840 609 ”
909 597 1001 639 icae
1029 596 1192 640 virtutis
1223 611 1323 640 vere
1352 599 1459 640 inest
1485 598 1528 638 in
1559 596 1731 658 singulis
1760 597 1839 638 illis
1873 596 2146 641 carminibus.
2187 596 2229 636 id

334 672 425 713 fere
454 672 677 729 negligant.
928 685 994 715 am
1026 686 1220 729 magnum
1251 681 1314 716 est
1341 674 1386 715 in
1417 674 1481 715 his
1509 673 1698 715 unitur-iis
1728 673 1962 715 discrimen.
2014 672 2099 712 Alii
2118 672 2226 712 enim

278 739 287 754 “
334 755 451 789 recto
482 746 743 807 subactoque
836 748 942 792 'icio
970 754 1085 791 certe
1117 760 1209 797 eas.
1249 746 1402 807 quibus
1420 748 1573 806 'aliquo
1604 747 1731 791 modo
1761 761 1907 792 carere
1936 754 2132 805 possunt,
2165 747 2227 788 in·

333 824 629 880 terpolationes
659 837 782 880 segre
910 832 952 867 et
981 824 1178 882 ejiciunt.
1222 824 1432 881 iidemque
1468 825 1591 867 etiam
1628 825 1813 880 singulas
1843 824 2065 867 identidem
2098 837 2225 863 venu-

332 909 457 942 states
487 886 792 957 persentiscunt
804 905 865 953 gat
894 891 1095 950 revelantj
1128 901 1195 943 alii
1226 915 1327 943 vero
1356 901 1639 957 ineptissimos
1671 914 1861 957 quosque
1889 900 2160 942 centunculos
2180 906 2226 939 ut

333 976 669 1018 artificiosissima
698 953 867 1032 inve&-
899 983 1093 1033 stupent,
1125 985 1173 1020 ut
1203 978 1437 1020 etiamnunc
1468 990 1553 1020 non
1582 977 1802 1019 defuturos
1823 977 2013 1022 arbitrer.
2046 988 2226 1031 qnorum

332 1051 510 1108 palatum
533 1050 601 1094 illa
621 1048 755 1108 βουλὴ
775 1047 989 1114 redormit
1019 1051 1138 1097 toties
1167 1051 1255 1112 jam
1277 1052 1451 1110 explosa
1473 1051 1789 1097 bellissimarum
1808 1054 1938 1096 instar
1958 1050 2226 1109 cupediarum

329 1127 485 1169 titillet!
546 1125 618 1171 Et*
636 1128 689 1171 ab
725 1129 803 1171 illis
845 1118 1016 1189 (hidem
1054 1128 1215 1173 discere
1252 1137 1293 1172 et
1325 1142 1546 1186 possumus
1577 1143 1703 1186 saepe
1732 1138 1774 1172 et
1804 1130 2009 1185 volumus⁴
2027 1127 2222 1172 libenter:

329 1204 391 1243 his
413 1217 516 1244 vero
537 1203 713 1261 obloqui
742 1192 1039 1267 superlucanei
1065 1212 1128 1247 est
1154 1205 1320 1253 laboris,
1353 1219 1431 1248 nec
1461 1205 1685 1262 quidquam
1718 1204 1828 1247 aliud
1860 1203 2094 1246 hominibus
2125 1207 2225 1258 poe·—

327 1294 422 1321 seos
453 1281 606 1335 ignaris
636 1288 763 1338 atque
795 1270 982 1327 barbaris
1012 1282 1149 1336 regeri
1179 1282 1348 1338 expedit
1379 1282 1455 1324 nisi
1486 1281 1708 1324 barbarum
1739 1281 1861 1324 illud:
1899 1282 1958 1323 de
1989 1279 2223 1335 gustibus

327 1370 427 1396 non
459 1370 583 1397 esse·
602 1355 683 1399 dis
695 1357 1009 1413 putandumst·
1045 1357 1240 1413 qnoniam
1273 1372 1357 1400 non
1389 1365 1549 1400 tantum
1581 1357 1702 1399 nobis
1732 1370 1996 1411 arrogamus.
2029 1364 2074 1397 ut
2105 1369 2224 1410 repe-

327 1439 486 1477 tamus.
530 1432 643 1487 quod
675 1446 824 1474 severe
854 1432 926 1475 sed
957 1440 1056 1475 ‘vere
1085 1431 1139 1476 de
1170 1432 1383 1489 ejusmodi
1411 1431 1623 1489 judicibus
1654 1433 1941 1488 pronuntiavit
1972 1431 2221 1483 magister·).

446 1504 530 1549 Sed
563 1521 616 1550 ne
647 1522 722 1551 nos
753 1507 919 1564 quidem
951 1508 1071 1566 culpa
1111 1522 1331 1558 vacamus,
1378 1509 1567 1552 homines
1603 1522 1723 1555 sane.
1771 1516 1817 1552 ut
1852 1508 1995 1564 ajunt.
2044 1506 2218 1561 negandi

328 1582 652 1640 destruendique
683 1598 804 1641 quam
836 1578 1019 1640 ponendi
1049 1584 1339 1642 condendique
1369 1585 1637 1627 amantiores:
1670 1585 1826 1641 quippe
1854 1584 1925 1641 qui
1946 1584 2105 1638 singula
2128 1596 2220 1624 car-

328 1660 436 1701 mina
468 1660 568 1702 satis
598 1660 822 1704 habeamus
852 1660 1084 1718 separando
1113 1661 1388 1718 distinguere,
1421 1662 1493 1704 sed
1524 1662 1783 1717 singulorum
1815 1660 2064 1717 peculiarem
2095 1659 2216 1707 indo-
2252 1704 2257 1707 ,

328 1737 407 1778 lem
438 1737 773 1794 singularemque
803 1746 934 1781 artem
967 1738 1175 1794 explicare
1204 1739 1565 1795 supersedeamus.
1622 1737 1674 1780 Et
1705 1746 1851 1780 tamen·
1874 1738 1974 1780 haec
2003 1738 2089 1793 ipsa
2122 1750 2219 1791 pro-

328 1813 512 1868 priarum
544 1813 753 1871 cujusque
784 1814 978 1857 carminis
1010 1815 1207 1858 virtutum
1241 1814 1413 1870 diligens
1442 1814 1687 1871 subtilisque
1713 1813 1951 1858 observatio
1976 1827 2059 1855 non
2086 1813 2217 1855 solum

326 1889 641 1932 delectationem
673 1891 811 1932 animo
843 1891 964 1933 affert
995 1891 1232 1933 suaviorem
1265 1891 1579 1949 verioremque,
1612 1905 1736 1947 quam
1768 1890 1936 1933 fictitiae
1970 1890 2075 1931 illius
2105 1903 2219 1930 com-

326 1967 440 2020 pagis
480 1980 599 2008 caeca
643 1966 886 2012 admiratio.
935 1967 1006 2009 sed
1046 1968 1166 2010 etiam
1205 1968 1352 2010 critico
1393 1967 1555 2023 judicio
1595 1967 1883 2024 adjumentum
1922 1965 2090 2020 praebet
2134 1980 2216 2006 non

325 2042 461 2084 minus
501 2041 685 2093 firmum,
734 2057 857 2099 quam
903 2043 1016 2099 quod
1058 2045 1259 2086 sermonis
1301 2043 1650 2104 metricat-umque
1698 2043 1903 2084 rationum
1950 2042 2216 2097 inquisitione

325 2120 574 2161 continetur.
635 2117 702 2165 ld.
747 2133 841 2162 cum
874 2132 950 2175 per
982 2120 1058 2162 hoc
1087 2122 1288 2163 semestre
1318 2118 1538 2163 hibernum
1569 2117 1622 2160 de
1652 2116 1780 2161 Iliade
1809 2117 1968 2159 scholas
1999 2115 2215 2162 haberem.

324 2197 505 2237 maxime
543 2202 743 2251 expertus
783 2209 875 2238 sum
916 2196 957 2237 in
997 2194 1263 2239 dissolvendis
1301 2208 1532 2250 rursusque
1570 2193 1868 2248 componendis
1905 2192 1955 2234 iis
1993 2192 2212 2246 poemati&

325 2285 375 2313 ex
410 2269 561 2329 quibus
594 2271 838 2330 rhapsodiae
871 2273 1029 2316 AMN
1034 2270 1170 2319 ΞΟΠ
1195 2270 1502 2329 conglutinatae
1532 2277 1649 2319 sunt,
1682 2270 1723 2313 in
1755 2268 1905 2327 quibus
1936 2267 2213 2326 dijudicandis

323 2361 399 2388 nec
431 2360 617 2390 summus
652 2347 939 2392 Lachmannus
970 2347 1087 2391 solita
1121 2347 1275 2406 ubique
1304 2360 1403 2391 usus
1426 2346 1588 2390 videtur
1609 2345 1820 2403 felicitate,
1852 2352 1893 2388 et
1914 2345 1986 2403 qui
2007 2351 2100 2403 post
2120 2357 2214 2386 eum

336 306 442 349 quae
473 305 680 350 nusquam
711 275 909 506 Ιὲιῑω·
943 291 1205 349 imaginando
1245 291 1552 349 divinandoque
1587 290 1809 348 affingant,
1856 306 1938 334 non
1966 292 2229 346 „ingeniosam

414 2559 449 2597 Ἴ
502 2559 581 2594 Vid.
608 2550 872 2598 Lachmann
901 2560 1279 2609 Betrachtungen
1306 2573 1339 2609 p.
1365 2562 1430 2597 56⁶.
1459 2561 1574 2595 »Wen
1601 2561 1661 2596 die
1687 2557 2004 2596 verschiedenheit
2029 2556 2213 2593 unerheb-

321 2618 393 2650 lich
420 2618 555 2653 diinkt.
581 2628 655 2653 wer
679 2621 731 2653 sie
750 2620 847 2654 nicht
866 2621 929 2654 auf
952 2620 1012 2654 die
1029 2626 1122 2655 erste
1139 2621 1363 2665 erinnerung
1380 2620 1542 2657 sonleieh
1561 2620 1675 2654 selbst
1691 2617 1953 2653 hernusssihlen
1971 2617 2087 2653 kann.
2115 2625 2209 2650 wem

320 2675 423 2710 diese
441 2676 518 2711 vier
536 2679 657 2712 atome
682 2676 800 2723 (denn
818 2678 877 2714 ich
895 2680 963 2714 soll
992 2681 1030 2724 ja
1049 2680 1107 2717 ein
1128 2681 1273 2715 atomist
1298 2680 1416 2724 sein),
1445 2680 1524 2715 vier
1549 2682 1670 2713 atome
1695 2687 1767 2712 von
1792 2685 2005 2712 zusammen
2033 2674 2137 2709 mehr
2162 2675 2215 2708 als

319 2734 570 2769 zweitausend
596 2734 832 2772 vierhundert
858 2746 1009 2778 versen,
1045 2737 1081 2772 in
1105 2736 1203 2774 ihrer
1225 2739 1387 2784 jetzigen
1412 2737 1630 2779 anord‘nunoe
1655 2735 1729 2772 und
1758 2733 1988 2777 verbindung
2013 2733 2067 2768 als
2091 2733 2212 2768 wohl-

319 2793 478 2827 eestalte
505 2792 617 2827 {heile
643 2794 741 2827 eines
766 2794 952 2830 kunstlich
977 2796 1226 2840 gegliederten
1252 2805 1340 2841 epos
1363 2794 1601 2831 erscheinen.
1640 2802 1714 2828 wer
1743 2792 1843 2828 nicht
1870 2791 2026 2836 begu-ein
2064 2793 2132 2825 wie
2156 2791 2215 2825 die

318 2860 407 2887 sace
433 2850 510 2885 sich
538 2861 606 2886 vor
631 2852 696 2886 mit
720 2854 792 2887 und
820 2853 936 2888 durch
963 2854 1078 2889 lieder
1102 2855 1234 2896 bildet,
1271 2857 1338 2890 ‹ler
1362 2855 1445 2889 thnt
1470 2864 1529 2889 am
1555 2855 1686 2889 besten
1711 2851 1788 2887 sich
1814 2860 1875 2886 nm
1901 2853 2021 2885 meine
2044 2854 2213 2884 untersu-

316 2908 488 2947 chuneen
514 2909 608 2945 eben
635 2919 676 2945 so
703 2909 823 2956 wenig
848 2923 892 2947 zu
918 2911 1160 2950 hekiimmern
1185 2913 1238 2949 als
1265 2924 1326 2949 nm
1353 2912 1505 2958 epist-he
1531 2913 1671 2957 poesie,
1707 2910 1811 2945 weil
1844 2919 1895 2946 er
1920 2920 1972 2944 zu
1998 2908 2212 2944 schwaclt

318 2972 383 3002 ist
412 2974 560 3003 etwas
585 2969 739 3003 davon
768 2980 818 3004 zu
847 2971 1135 3006 versionem«
