<?xml version="1.0" encoding="UTF-8"?>
<!DOCTYPE html PUBLIC "-//W3C//DTD XHTML 1.0 Transitional//EN"
    "http://www.w3.org/TR/xhtml1/DTD/xhtml1-transitional.dtd">
<html xmlns="http://www.w3.org/1999/xhtml" xml:lang="en" lang="en">
 <head>
  <title>
</title>
<meta http-equiv="Content-Type" content="text/html;charset=utf-8" />
  <meta name='ocr-system' content='tesseract 3.04.00' />
  <meta name='ocr-capabilities' content='ocr_page ocr_carea ocr_par ocr_line ocrx_word'/>
</head>
<body>
  <div class='ocr_page' id='page_1' title='image "./4771401_0032.png"; bbox 0 0 2578 3714; ppageno 0'>
   <div class='ocr_carea' id='block_1_1' title="bbox 258 2426 323 2456">
    <p class='ocr_par' dir='ltr' id='par_1_1' title="bbox 258 2426 323 2456">
     <span class='ocr_line' id='line_1_1' title="bbox 258 2426 323 2456; baseline 0 0"><span class='ocrx_word' id='word_1_1' title='bbox 258 2426 323 2456; x_wconf 65' lang='lat'><strong>8⁶20</strong></span> 
     </span>
    </p>
   </div>
   <div class='ocr_carea' id='block_1_2' title="bbox 255 2650 321 2682">
    <p class='ocr_par' dir='ltr' id='par_1_2' title="bbox 255 2650 321 2682">
     <span class='ocr_line' id='line_1_2' title="bbox 255 2650 321 2682; baseline -0.03 0"><span class='ocrx_word' id='word_1_2' title='bbox 255 2650 321 2682; x_wconf 76' lang='lat'><strong>825</strong></span> 
     </span>
    </p>
   </div>
   <div class='ocr_carea' id='block_1_3' title="bbox 257 2892 317 2916">
    <p class='ocr_par' dir='ltr' id='par_1_3' title="bbox 257 2892 317 2916">
     <span class='ocr_line' id='line_1_3' title="bbox 257 2892 317 2916; baseline -0.017 0"><span class='ocrx_word' id='word_1_3' title='bbox 257 2892 317 2916; x_wconf 67' lang='lat'><strong>322</strong></span> 
     </span>
    </p>
   </div>
   <div class='ocr_carea' id='block_1_4' title="bbox 1136 172 1466 220">
    <p class='ocr_par' dir='ltr' id='par_1_4' title="bbox 1136 172 1466 220">
     <span class='ocr_line' id='line_1_4' title="bbox 1136 172 1466 220; baseline -0.003 -13"><span class='ocrx_word' id='word_1_4' title='bbox 1136 172 1466 220; x_wconf 73' lang='lat'><strong>-26-</strong></span> 
     </span>
    </p>
   </div>
   <div class='ocr_carea' id='block_1_5' title="bbox 337 306 2226 2625">
    <p class='ocr_par' dir='ltr' id='par_1_5' title="bbox 343 306 2225 578">
     <span class='ocr_line' id='line_1_5' title="bbox 461 306 2222 370; baseline 0.002 -21"><span class='ocrx_word' id='word_1_5' title='bbox 461 306 700 363; x_wconf 78' lang='lat' dir='ltr'>Temporis,</span> <span class='ocrx_word' id='word_1_6' title='bbox 738 322 823 365; x_wconf 93' lang='lat' dir='ltr'><strong>quo</strong></span> <span class='ocrx_word' id='word_1_7' title='bbox 852 310 1029 365; x_wconf 83' lang='lat' dir='ltr'><strong>scriptus</strong></span> <span class='ocrx_word' id='word_1_8' title='bbox 1059 315 1227 370; x_wconf 85' lang='lat' dir='ltr'><strong>putetur</strong></span> <span class='ocrx_word' id='word_1_9' title='bbox 1257 309 1486 364; x_wconf 80' lang='lat' dir='ltr'><strong>catalogus,</strong></span> <span class='ocrx_word' id='word_1_10' title='bbox 1527 310 1724 353; x_wconf 89' lang='lat' dir='ltr'><strong>indicium</strong></span> <span class='ocrx_word' id='word_1_11' title='bbox 1755 311 1793 352; x_wconf 92' lang='lat' dir='ltr'><strong>ei</strong></span> <span class='ocrx_word' id='word_1_12' title='bbox 1824 311 1916 352; x_wconf 86' lang='lat' dir='ltr'><strong>loco</strong></span> <span class='ocrx_word' id='word_1_13' title='bbox 1945 313 2080 353; x_wconf 89' lang='lat' dir='ltr'><strong>inesse</strong></span> <span class='ocrx_word' id='word_1_14' title='bbox 2112 312 2222 352; x_wconf 83' lang='lat' dir='ltr'><strong>vide-</strong></span> 
     </span>
     <span class='ocr_line' id='line_1_6' title="bbox 343 383 2225 442; baseline 0.002 -18"><span class='ocrx_word' id='word_1_15' title='bbox 343 389 430 429; x_wconf 84' lang='lat' dir='ltr'><strong>tur,</strong></span> <span class='ocrx_word' id='word_1_16' title='bbox 477 396 562 440; x_wconf 92' lang='lat' dir='ltr'><strong>quo</strong></span> <span class='ocrx_word' id='word_1_17' title='bbox 600 383 651 427; x_wconf 91' lang='lat' dir='ltr'><strong>de</strong></span> <span class='ocrx_word' id='word_1_18' title='bbox 681 383 892 428; x_wconf 83' lang='lat' dir='ltr'><strong>Abantum</strong></span> <span class='ocrx_word' id='word_1_19' title='bbox 923 383 1061 427; x_wconf 84' lang='lat' dir='ltr'><strong>militia</strong></span> <span class='ocrx_word' id='word_1_20' title='bbox 1104 384 1271 441; x_wconf 87' lang='lat' dir='ltr'><strong>exponit</strong></span> <span class='ocrx_word' id='word_1_21' title='bbox 1305 396 1345 426; x_wconf 86' lang='lat' dir='ltr'><strong>v.</strong></span> <span class='ocrx_word' id='word_1_22' title='bbox 1378 387 1625 433; x_wconf 74' lang='lat'>536—545,</span> <span class='ocrx_word' id='word_1_23' title='bbox 1669 386 1739 442; x_wconf 89' lang='lat' dir='ltr'><strong>qni</strong></span> <span class='ocrx_word' id='word_1_24' title='bbox 1770 385 1886 428; x_wconf 89' lang='lat' dir='ltr'><strong>locus</strong></span> <span class='ocrx_word' id='word_1_25' title='bbox 1917 386 2066 429; x_wconf 87' lang='lat' dir='ltr'><strong>mirum</strong></span> <span class='ocrx_word' id='word_1_26' title='bbox 2098 399 2225 442; x_wconf 91' lang='lat' dir='ltr'><strong>quan-</strong></span> 
     </span>
     <span class='ocr_line' id='line_1_7' title="bbox 346 458 2225 516; baseline 0.002 -16"><span class='ocrx_word' id='word_1_27' title='bbox 346 466 433 500; x_wconf 91' lang='lat' dir='ltr'><strong>tum</strong></span> <span class='ocrx_word' id='word_1_28' title='bbox 465 459 645 502; x_wconf 86' lang='lat' dir='ltr'><strong>concinit</strong></span> <span class='ocrx_word' id='word_1_29' title='bbox 675 472 768 501; x_wconf 90' lang='lat' dir='ltr'><strong>cum</strong></span> <span class='ocrx_word' id='word_1_30' title='bbox 799 459 1070 501; x_wconf 83' lang='lat' dir='ltr'><strong>celeberrimo</strong></span> <span class='ocrx_word' id='word_1_31' title='bbox 1101 459 1337 502; x_wconf 81' lang='lat' dir='ltr'><strong>Archilochi</strong></span> <span class='ocrx_word' id='word_1_32' title='bbox 1365 458 1598 516; x_wconf 78' lang='lat' dir='ltr'><strong>fragmento</strong></span> <span class='ocrx_word' id='word_1_33' title='bbox 1627 467 1793 503; x_wconf 83' lang='lat' dir='ltr'><strong>servato</strong></span> <span class='ocrx_word' id='word_1_34' title='bbox 1822 460 1931 516; x_wconf 86' lang='lat' dir='ltr'><strong>apud</strong></span> <span class='ocrx_word' id='word_1_35' title='bbox 1960 462 2225 503; x_wconf 77' lang='lat' dir='ltr'><strong>Plutarchum</strong></span> 
     </span>
     <span class='ocr_line' id='line_1_8' title="bbox 348 534 540 578; baseline 0 -1"><span class='ocrx_word' id='word_1_36' title='bbox 348 534 467 578; x_wconf 86' lang='lat' dir='ltr'><strong>Thes.</strong></span> <span class='ocrx_word' id='word_1_37' title='bbox 502 541 540 578; x_wconf 91' lang='lat'><strong>5.</strong></span> 
     </span>
    </p>

    <p class='ocr_par' dir='ltr' id='par_1_6' title="bbox 339 606 2225 1425">
     <span class='ocr_line' id='line_1_9' title="bbox 635 606 1766 665; baseline 0 -12"><span class='ocrx_word' id='word_1_38' title='bbox 635 608 689 653; x_wconf 77' lang='grc' dir='ltr'><strong>οὔ</strong></span> <span class='ocrx_word' id='word_1_39' title='bbox 717 625 782 653; x_wconf 92' lang='grc' dir='ltr'><strong><em>τοι</em></strong></span> <span class='ocrx_word' id='word_1_40' title='bbox 811 606 927 654; x_wconf 82' lang='grc' dir='ltr'><strong><em>πόλλ’</em></strong></span> <span class='ocrx_word' id='word_1_41' title='bbox 959 609 1021 654; x_wconf 77' lang='grc' dir='ltr'><strong>ἐπὶ</strong></span> <span class='ocrx_word' id='word_1_42' title='bbox 1051 608 1153 664; x_wconf 81' lang='grc' dir='ltr'><strong><em>τόξα</em></strong></span> <span class='ocrx_word' id='word_1_43' title='bbox 1181 608 1432 655; x_wconf 82' lang='grc' dir='ltr'><strong><em>τανύσσεται</em></strong></span> <span class='ocrx_word' id='word_1_44' title='bbox 1462 606 1563 654; x_wconf 77' lang='grc' dir='ltr'><strong><em>οὐδὲ</em></strong></span> <span class='ocrx_word' id='word_1_45' title='bbox 1592 612 1766 665; x_wconf 76' lang='grc' dir='ltr'><strong><em>θαμειαί</em></strong></span> 
     </span>
     <span class='ocr_line' id='line_1_10' title="bbox 749 680 1794 744; baseline 0.002 -15"><span class='ocrx_word' id='word_1_46' title='bbox 749 682 998 742; x_wconf 79' lang='grc' dir='ltr'><strong><em>σφενδόναι,</em></strong></span> <span class='ocrx_word' id='word_1_47' title='bbox 1029 680 1112 731; x_wconf 80' lang='grc' dir='ltr'><strong><em>εὖτ’</em></strong></span> <span class='ocrx_word' id='word_1_48' title='bbox 1142 684 1197 731; x_wconf 77' lang='grc' dir='ltr'><strong>ἂν</strong></span> <span class='ocrx_word' id='word_1_49' title='bbox 1226 685 1279 744; x_wconf 86' lang='grc' dir='ltr'><strong>δὴ</strong></span> <span class='ocrx_word' id='word_1_50' title='bbox 1308 688 1449 743; x_wconf 76' lang='grc' dir='ltr'><strong><em>μῶλον</em></strong></span> <span class='ocrx_word' id='word_1_51' title='bbox 1475 685 1604 743; x_wconf 78' lang='grc' dir='ltr'><strong><em>Ἀρης</em></strong></span> <span class='ocrx_word' id='word_1_52' title='bbox 1633 684 1794 744; x_wconf 74' lang='grc' dir='ltr'><strong><em>συνάγῃ</em></strong></span> 
     </span>
     <span class='ocr_line' id='line_1_11' title="bbox 634 761 1768 821; baseline 0.001 -16"><span class='ocrx_word' id='word_1_53' title='bbox 634 762 680 805; x_wconf 82' lang='grc' dir='ltr'><strong>ἐν</strong></span> <span class='ocrx_word' id='word_1_54' title='bbox 708 763 856 821; x_wconf 80' lang='grc' dir='ltr'><strong><em>πεδίῳ·</em></strong></span> <span class='ocrx_word' id='word_1_55' title='bbox 887 761 1040 819; x_wconf 81' lang='grc' dir='ltr'><strong><em>ξιφέων</em></strong></span> <span class='ocrx_word' id='word_1_56' title='bbox 1069 762 1129 806; x_wconf 80' lang='grc' dir='ltr'><strong>δὲ’</strong></span> <span class='ocrx_word' id='word_1_57' title='bbox 1144 761 1407 807; x_wconf 79' lang='grc' dir='ltr'><strong><em>πολύστονον</em></strong></span> <span class='ocrx_word' id='word_1_58' title='bbox 1437 762 1597 806; x_wconf 80' lang='grc' dir='ltr'><strong><em>ἔσσεται</em></strong></span> <span class='ocrx_word' id='word_1_59' title='bbox 1626 762 1768 818; x_wconf 79' lang='grc' dir='ltr'><strong><em>ἔργον·</em></strong></span> 
     </span>
     <span class='ocr_line' id='line_1_12' title="bbox 747 835 1657 894; baseline 0 -14"><span class='ocrx_word' id='word_1_60' title='bbox 747 835 900 893; x_wconf 78' lang='grc' dir='ltr'><strong><em>ταύτης</em></strong></span> <span class='ocrx_word' id='word_1_61' title='bbox 926 836 1012 894; x_wconf 81' lang='grc' dir='ltr'><strong>γὰρ</strong></span> <span class='ocrx_word' id='word_1_62' title='bbox 1036 843 1168 882; x_wconf 83' lang='grc' dir='ltr'><strong><em>κεῖνοι</em></strong></span> <span class='ocrx_word' id='word_1_63' title='bbox 1196 836 1389 894; x_wconf 85' lang='grc' dir='ltr'><strong><em>δαίμονές</em></strong></span> <span class='ocrx_word' id='word_1_64' title='bbox 1417 838 1493 881; x_wconf 77' lang='grc' dir='ltr'><strong><em>εἰσι</em></strong></span> <span class='ocrx_word' id='word_1_65' title='bbox 1523 837 1657 893; x_wconf 77' lang='grc' dir='ltr'><strong><em>μάχης</em></strong></span> 
     </span>
     <span class='ocr_line' id='line_1_13' title="bbox 632 910 1350 970; baseline 0.003 -15"><span class='ocrx_word' id='word_1_66' title='bbox 632 910 828 955; x_wconf 82' lang='grc' dir='ltr'><strong><em>δεσπόται</em></strong></span> <span class='ocrx_word' id='word_1_67' title='bbox 858 910 1044 969; x_wconf 80' lang='grc' dir='ltr'><strong><em>Εὐβοίης</em></strong></span> <span class='ocrx_word' id='word_1_68' title='bbox 1073 914 1350 970; x_wconf 78' lang='grc' dir='ltr'><strong><em>δουρικλυτοί.</em></strong></span> 
     </span>
     <span class='ocr_line' id='line_1_14' title="bbox 344 988 2225 1047; baseline 0.001 -15"><span class='ocrx_word' id='word_1_69' title='bbox 344 990 394 1033; x_wconf 82' lang='lat' dir='ltr'><strong>Et</strong></span> <span class='ocrx_word' id='word_1_70' title='bbox 426 993 534 1032; x_wconf 88' lang='lat' dir='ltr'><strong>hunc</strong></span> <span class='ocrx_word' id='word_1_71' title='bbox 566 1002 722 1031; x_wconf 87' lang='lat' dir='ltr'><strong>morem</strong></span> <span class='ocrx_word' id='word_1_72' title='bbox 754 1002 806 1030; x_wconf 94' lang='lat' dir='ltr'><strong>eo</strong></span> <span class='ocrx_word' id='word_1_73' title='bbox 836 990 878 1031; x_wconf 93' lang='lat' dir='ltr'><strong>in</strong></span> <span class='ocrx_word' id='word_1_74' title='bbox 908 988 1017 1031; x_wconf 87' lang='lat' dir='ltr'><strong>hello</strong></span> <span class='ocrx_word' id='word_1_75' title='bbox 1046 990 1287 1038; x_wconf 85' lang='lat' dir='ltr'><strong>invaluisse,</strong></span> <span class='ocrx_word' id='word_1_76' title='bbox 1329 992 1442 1047; x_wconf 93' lang='lat' dir='ltr'><strong>quod</strong></span> <span class='ocrx_word' id='word_1_77' title='bbox 1473 991 1626 1032; x_wconf 87' lang='lat' dir='ltr'><strong>saeculi</strong></span> <span class='ocrx_word' id='word_1_78' title='bbox 1660 991 1745 1031; x_wconf 89' lang='lat' dir='ltr'><strong>Vll.</strong></span> <span class='ocrx_word' id='word_1_79' title='bbox 1776 990 1893 1031; x_wconf 87' lang='lat' dir='ltr'><strong>initio</strong></span> <span class='ocrx_word' id='word_1_80' title='bbox 1923 992 2031 1032; x_wconf 86' lang='lat' dir='ltr'><strong>inter</strong></span> <span class='ocrx_word' id='word_1_81' title='bbox 2063 991 2225 1033; x_wconf 86' lang='lat' dir='ltr'><strong>Chalci-</strong></span> 
     </span>
     <span class='ocr_line' id='line_1_15' title="bbox 343 1062 2224 1122; baseline 0 -14"><span class='ocrx_word' id='word_1_82' title='bbox 343 1066 488 1109; x_wconf 82' lang='lat' dir='ltr'>denses</span> <span class='ocrx_word' id='word_1_83' title='bbox 509 1071 550 1107; x_wconf 78' lang='lat' dir='ltr'><strong>et</strong></span> <span class='ocrx_word' id='word_1_84' title='bbox 568 1062 828 1107; x_wconf 77' lang='lat' dir='ltr'><strong>Eretrienses</strong></span> <span class='ocrx_word' id='word_1_85' title='bbox 849 1069 1010 1120; x_wconf 80' lang='lat' dir='ltr'><strong>gestum</strong></span> <span class='ocrx_word' id='word_1_86' title='bbox 1033 1070 1096 1108; x_wconf 85' lang='lat' dir='ltr'><strong>est</strong></span> <span class='ocrx_word' id='word_1_87' title='bbox 1122 1091 1165 1097; x_wconf 91' lang='lat'>—</span> <span class='ocrx_word' id='word_1_88' title='bbox 1194 1063 1414 1108; x_wconf 81' lang='lat' dir='ltr'><strong>obscuram</strong></span> <span class='ocrx_word' id='word_1_89' title='bbox 1436 1063 1529 1122; x_wconf 82' lang='lat' dir='ltr'><strong>ejus</strong></span> <span class='ocrx_word' id='word_1_90' title='bbox 1551 1063 1791 1107; x_wconf 82' lang='lat' dir='ltr'><strong>memoriam</strong></span> <span class='ocrx_word' id='word_1_91' title='bbox 1824 1064 1915 1107; x_wconf 85' lang='lat' dir='ltr'><strong>vide</strong></span> <span class='ocrx_word' id='word_1_92' title='bbox 1936 1066 2044 1121; x_wconf 86' lang='lat' dir='ltr'><strong>apud</strong></span> <span class='ocrx_word' id='word_1_93' title='bbox 2066 1064 2224 1108; x_wconf 84' lang='lat' dir='ltr'><strong>Herod.</strong></span> 
     </span>
     <span class='ocr_line' id='line_1_16' title="bbox 343 1137 2224 1196; baseline 0.001 -15"><span class='ocrx_word' id='word_1_94' title='bbox 343 1140 396 1190; x_wconf 83' lang='lat' dir='ltr'><strong>V,</strong></span> <span class='ocrx_word' id='word_1_95' title='bbox 419 1144 486 1183; x_wconf 94' lang='grc'><strong>99.</strong></span> <span class='ocrx_word' id='word_1_96' title='bbox 520 1138 650 1183; x_wconf 87' lang='lat' dir='ltr'><strong>Thuc.</strong></span> <span class='ocrx_word' id='word_1_97' title='bbox 673 1139 712 1187; x_wconf 90' lang='grc' dir='ltr'><strong>Ι,</strong></span> <span class='ocrx_word' id='word_1_98' title='bbox 738 1142 804 1182; x_wconf 89' lang='lat'><strong>15.</strong></span> <span class='ocrx_word' id='word_1_99' title='bbox 842 1137 1025 1195; x_wconf 79' lang='lat' dir='ltr'><strong>Theogn.</strong></span> <span class='ocrx_word' id='word_1_100' title='bbox 1046 1141 1125 1181; x_wconf 79' lang='lat'><strong>89¹</strong></span> <span class='ocrx_word' id='word_1_101' title='bbox 1154 1153 1215 1196; x_wconf 86' lang='lat' dir='ltr'><strong>sq.</strong></span> <span class='ocrx_word' id='word_1_102' title='bbox 1240 1164 1292 1171; x_wconf 87' lang='lat'><strong>-—</strong></span> <span class='ocrx_word' id='word_1_103' title='bbox 1314 1152 1371 1182; x_wconf 88' lang='lat' dir='ltr'><strong>ex</strong></span> <span class='ocrx_word' id='word_1_104' title='bbox 1402 1140 1493 1196; x_wconf 78' lang='lat' dir='ltr'><strong>lege</strong></span> <span class='ocrx_word' id='word_1_105' title='bbox 1521 1140 1591 1182; x_wconf 89' lang='lat' dir='ltr'><strong>illa</strong></span> <span class='ocrx_word' id='word_1_106' title='bbox 1620 1139 1812 1182; x_wconf 88' lang='lat' dir='ltr'><strong>concludi</strong></span> <span class='ocrx_word' id='word_1_107' title='bbox 1840 1146 1978 1195; x_wconf 87' lang='lat' dir='ltr'><strong>potest</strong></span> <span class='ocrx_word' id='word_1_108' title='bbox 2010 1142 2224 1183; x_wconf 79' lang='lat' dir='ltr'><strong>columnae</strong></span> 
     </span>
     <span class='ocr_line' id='line_1_17' title="bbox 342 1212 2223 1273; baseline 0.001 -17"><span class='ocrx_word' id='word_1_109' title='bbox 342 1217 556 1273; x_wconf 85' lang='lat' dir='ltr'><strong>inscripta,</strong></span> <span class='ocrx_word' id='word_1_110' title='bbox 604 1230 684 1272; x_wconf 92' lang='lat' dir='ltr'><strong>qua</strong></span> <span class='ocrx_word' id='word_1_111' title='bbox 725 1216 892 1271; x_wconf 87' lang='lat' dir='ltr'><strong>utrique</strong></span> <span class='ocrx_word' id='word_1_112' title='bbox 931 1213 1090 1255; x_wconf 74' lang='lat' dir='ltr'><strong>cavisse</strong></span> <span class='ocrx_word' id='word_1_113' title='bbox 1131 1214 1324 1256; x_wconf 88' lang='lat' dir='ltr'><strong>dicuntur</strong></span> <span class='ocrx_word' id='word_1_114' title='bbox 1362 1212 1419 1268; x_wconf 83' lang='grc' dir='ltr'><strong>μὴ</strong></span> <span class='ocrx_word' id='word_1_115' title='bbox 1460 1216 1642 1268; x_wconf 74' lang='grc' dir='ltr'><strong><em>χρῆσθαι</em></strong></span> <span class='ocrx_word' id='word_1_116' title='bbox 1680 1213 1936 1267; x_wconf 83' lang='grc' dir='ltr'><strong><em>τηλεβόλοις,</em></strong></span> <span class='ocrx_word' id='word_1_117' title='bbox 1983 1224 2026 1257; x_wconf 89' lang='lat' dir='ltr'><strong>ut</strong></span> <span class='ocrx_word' id='word_1_118' title='bbox 2069 1214 2223 1257; x_wconf 87' lang='lat' dir='ltr'><strong>Strabo</strong></span> 
     </span>
     <span class='ocr_line' id='line_1_18' title="bbox 341 1288 2224 1347; baseline -0.001 -13"><span class='ocrx_word' id='word_1_119' title='bbox 341 1299 479 1335; x_wconf 86' lang='lat' dir='ltr'><strong>narrat</strong></span> <span class='ocrx_word' id='word_1_120' title='bbox 509 1292 568 1338; x_wconf 84' lang='lat' dir='ltr'><strong>X,</strong></span> <span class='ocrx_word' id='word_1_121' title='bbox 603 1288 646 1339; x_wconf 81' lang='lat' dir='ltr'><strong>l.</strong></span> <span class='ocrx_word' id='word_1_122' title='bbox 682 1294 735 1333; x_wconf 80' lang='lat'><strong>12</strong></span> <span class='ocrx_word' id='word_1_123' title='bbox 768 1291 819 1347; x_wconf 84' lang='lat' dir='ltr'><strong>(p.</strong></span> <span class='ocrx_word' id='word_1_124' title='bbox 844 1291 956 1344; x_wconf 65' lang='lat' dir='ltr'>MS).</span> <span class='ocrx_word' id='word_1_125' title='bbox 1005 1288 1088 1332; x_wconf 86' lang='lat' dir='ltr'><strong>Sed</strong></span> <span class='ocrx_word' id='word_1_126' title='bbox 1117 1289 1218 1332; x_wconf 83' lang='lat' dir='ltr'><strong>haec</strong></span> <span class='ocrx_word' id='word_1_127' title='bbox 1248 1291 1345 1333; x_wconf 84' lang='lat' dir='ltr'><strong>satis</strong></span> <span class='ocrx_word' id='word_1_128' title='bbox 1382 1297 1505 1333; x_wconf 86' lang='lat' dir='ltr'><strong>sunto</strong></span> <span class='ocrx_word' id='word_1_129' title='bbox 1543 1290 1595 1332; x_wconf 90' lang='lat' dir='ltr'><strong>de</strong></span> <span class='ocrx_word' id='word_1_130' title='bbox 1626 1289 1883 1332; x_wconf 85' lang='lat' dir='ltr'><strong>Graecorum</strong></span> <span class='ocrx_word' id='word_1_131' title='bbox 1924 1292 2128 1344; x_wconf 83' lang='lat' dir='ltr'><strong>catalogo:</strong></span> <span class='ocrx_word' id='word_1_132' title='bbox 2176 1293 2224 1333; x_wconf 90' lang='lat' dir='ltr'><strong>ad</strong></span> 
     </span>
     <span class='ocr_line' id='line_1_19' title="bbox 339 1363 1247 1425; baseline -0.004 -15"><span class='ocrx_word' id='word_1_133' title='bbox 339 1366 682 1425; x_wconf 86' lang='lat' dir='ltr'><strong>Trojanorum</strong></span> <span class='ocrx_word' id='word_1_134' title='bbox 713 1365 922 1409; x_wconf 87' lang='lat' dir='ltr'><strong>indicem</strong></span> <span class='ocrx_word' id='word_1_135' title='bbox 954 1363 1247 1421; x_wconf 81' lang='lat' dir='ltr'><strong>transgredior.</strong></span> 
     </span>
    </p>

    <p class='ocr_par' dir='ltr' id='par_1_7' title="bbox 337 1439 2226 2108">
     <span class='ocr_line' id='line_1_20' title="bbox 461 1439 2225 1499; baseline -0.001 -14"><span class='ocrx_word' id='word_1_136' title='bbox 461 1443 524 1485; x_wconf 90' lang='lat' dir='ltr'><strong>De</strong></span> <span class='ocrx_word' id='word_1_137' title='bbox 563 1456 614 1484; x_wconf 91' lang='lat' dir='ltr'><strong>eo</strong></span> <span class='ocrx_word' id='word_1_138' title='bbox 655 1442 835 1484; x_wconf 86' lang='lat' dir='ltr'><strong>breviori</strong></span> <span class='ocrx_word' id='word_1_139' title='bbox 874 1454 964 1483; x_wconf 86' lang='lat' dir='ltr'><strong>esse</strong></span> <span class='ocrx_word' id='word_1_140' title='bbox 1004 1441 1110 1482; x_wconf 86' lang='lat' dir='ltr'><strong>licet.</strong></span> <span class='ocrx_word' id='word_1_141' title='bbox 1171 1441 1317 1497; x_wconf 81' lang='lat' dir='ltr'><strong>Neque</strong></span> <span class='ocrx_word' id='word_1_142' title='bbox 1348 1441 1455 1482; x_wconf 91' lang='lat' dir='ltr'><strong>enim</strong></span> <span class='ocrx_word' id='word_1_143' title='bbox 1487 1439 1648 1482; x_wconf 80' lang='lat' dir='ltr'><strong>Boeotii</strong></span> <span class='ocrx_word' id='word_1_144' title='bbox 1677 1441 1763 1482; x_wconf 86' lang='lat' dir='ltr'><strong>sive</strong></span> <span class='ocrx_word' id='word_1_145' title='bbox 1793 1442 2044 1496; x_wconf 80' lang='lat' dir='ltr'><strong>genealogici</strong></span> <span class='ocrx_word' id='word_1_146' title='bbox 2079 1448 2225 1499; x_wconf 80' lang='lat' dir='ltr'><strong>poetae</strong></span> 
     </span>
     <span class='ocr_line' id='line_1_21' title="bbox 342 1510 2224 1575; baseline -0.001 -14"><span class='ocrx_word' id='word_1_147' title='bbox 342 1533 446 1575; x_wconf 89' lang='lat' dir='ltr'><strong>opus</strong></span> <span class='ocrx_word' id='word_1_148' title='bbox 479 1518 675 1560; x_wconf 92' lang='lat' dir='ltr'><strong>habemus</strong></span> <span class='ocrx_word' id='word_1_149' title='bbox 707 1531 761 1559; x_wconf 88' lang='lat' dir='ltr'><strong>ex</strong></span> <span class='ocrx_word' id='word_1_150' title='bbox 790 1516 969 1572; x_wconf 83' lang='lat' dir='ltr'><strong>antiquis</strong></span> <span class='ocrx_word' id='word_1_151' title='bbox 1002 1516 1186 1572; x_wconf 82' lang='lat' dir='ltr'><strong>gentium</strong></span> <span class='ocrx_word' id='word_1_152' title='bbox 1215 1510 1364 1558; x_wconf 86' lang='lat' dir='ltr'><strong>fabulis</strong></span> <span class='ocrx_word' id='word_1_153' title='bbox 1395 1515 1583 1566; x_wconf 91' lang='lat' dir='ltr'><strong>ductum,</strong></span> <span class='ocrx_word' id='word_1_154' title='bbox 1615 1515 1687 1557; x_wconf 90' lang='lat' dir='ltr'><strong>sed</strong></span> <span class='ocrx_word' id='word_1_155' title='bbox 1718 1515 1879 1558; x_wconf 88' lang='lat' dir='ltr'><strong>duobus</strong></span> <span class='ocrx_word' id='word_1_156' title='bbox 1911 1516 2010 1558; x_wconf 90' lang='lat' dir='ltr'><strong>locis</strong></span> <span class='ocrx_word' id='word_1_157' title='bbox 2042 1520 2224 1573; x_wconf 85' lang='lat' dir='ltr'><strong>exceptis</strong></span> 
     </span>
     <span class='ocr_line' id='line_1_22' title="bbox 339 1591 2226 1651; baseline -0.002 -13"><span class='ocrx_word' id='word_1_158' title='bbox 339 1593 681 1651; x_wconf 85' lang='lat' dir='ltr'><strong>interpolatorum</strong></span> <span class='ocrx_word' id='word_1_159' title='bbox 712 1591 1091 1636; x_wconf 88' lang='lat' dir='ltr'><strong>recentissimorum</strong></span> <span class='ocrx_word' id='word_1_160' title='bbox 1130 1597 1325 1634; x_wconf 88' lang='lat' dir='ltr'><strong>centones</strong></span> <span class='ocrx_word' id='word_1_161' title='bbox 1362 1604 1416 1633; x_wconf 84' lang='lat' dir='ltr'><strong>ex</strong></span> <span class='ocrx_word' id='word_1_162' title='bbox 1456 1591 1555 1634; x_wconf 90' lang='lat' dir='ltr'><strong>locis</strong></span> <span class='ocrx_word' id='word_1_163' title='bbox 1587 1591 1818 1634; x_wconf 83' lang='lat' dir='ltr'><strong>Homericis</strong></span> <span class='ocrx_word' id='word_1_164' title='bbox 1849 1592 2078 1634; x_wconf 83' lang='lat' dir='ltr'><strong>miserrime</strong></span> <span class='ocrx_word' id='word_1_165' title='bbox 2109 1607 2226 1635; x_wconf 88' lang='lat' dir='ltr'><strong>com-</strong></span> 
     </span>
     <span class='ocr_line' id='line_1_23' title="bbox 342 1664 2226 1728; baseline -0.003 -15"><span class='ocrx_word' id='word_1_166' title='bbox 342 1672 498 1728; x_wconf 88' lang='lat' dir='ltr'><strong>pilatos.</strong></span> <span class='ocrx_word' id='word_1_167' title='bbox 568 1670 613 1712; x_wconf 84' lang='lat' dir='ltr'><strong>ld</strong></span> <span class='ocrx_word' id='word_1_168' title='bbox 655 1669 740 1727; x_wconf 87' lang='lat' dir='ltr'><strong>jam</strong></span> <span class='ocrx_word' id='word_1_169' title='bbox 780 1668 876 1711; x_wconf 91' lang='lat' dir='ltr'><strong>inde</strong></span> <span class='ocrx_word' id='word_1_170' title='bbox 916 1681 1136 1724; x_wconf 88' lang='lat' dir='ltr'><strong>apparere,</strong></span> <span class='ocrx_word' id='word_1_171' title='bbox 1184 1667 1295 1723; x_wconf 89' lang='lat' dir='ltr'><strong>quod</strong></span> <span class='ocrx_word' id='word_1_172' title='bbox 1339 1668 1459 1709; x_wconf 84' lang='lat' dir='ltr'><strong>etiam</strong></span> <span class='ocrx_word' id='word_1_173' title='bbox 1503 1666 1700 1724; x_wconf 79' lang='lat' dir='ltr'><strong>Cypria</strong></span> <span class='ocrx_word' id='word_1_174' title='bbox 1743 1664 1976 1720; x_wconf 83' lang='grc' dir='ltr'><strong><em>κατάλογον</em></strong></span> <span class='ocrx_word' id='word_1_175' title='bbox 2016 1671 2100 1709; x_wconf 76' lang='grc' dir='ltr'><strong><em>τῶν</em></strong></span> <span class='ocrx_word' id='word_1_176' title='bbox 2139 1674 2226 1717; x_wconf 73' lang='grc' dir='ltr'><strong><em>τοῖς</em></strong></span> 
     </span>
     <span class='ocr_line' id='line_1_24' title="bbox 348 1741 2226 1800; baseline 0 -12"><span class='ocrx_word' id='word_1_177' title='bbox 348 1746 480 1799; x_wconf 82' lang='grc' dir='ltr'><strong><em>Τρωσὶ</em></strong></span> <span class='ocrx_word' id='word_1_178' title='bbox 513 1741 874 1800; x_wconf 80' lang='grc' dir='ltr'><strong><em>συμμαχησάντων</em></strong></span> <span class='ocrx_word' id='word_1_179' title='bbox 914 1742 1163 1791; x_wconf 89' lang='lat' dir='ltr'><strong>habuerunt,</strong></span> <span class='ocrx_word' id='word_1_180' title='bbox 1214 1743 1381 1798; x_wconf 80' lang='lat' dir='ltr'><strong>egregia</strong></span> <span class='ocrx_word' id='word_1_181' title='bbox 1421 1750 1482 1785; x_wconf 88' lang='lat' dir='ltr'><strong>est</strong></span> <span class='ocrx_word' id='word_1_182' title='bbox 1519 1742 1668 1785; x_wconf 86' lang='lat' dir='ltr'><strong>Odofr.</strong></span> <span class='ocrx_word' id='word_1_183' title='bbox 1708 1743 1942 1787; x_wconf 77' lang='lat' dir='ltr'><strong>Muelleri</strong></span> <span class='ocrx_word' id='word_1_184' title='bbox 1973 1747 2152 1800; x_wconf 87' lang='lat' dir='ltr'><strong>suspicio</strong></span> <span class='ocrx_word' id='word_1_185' title='bbox 2183 1747 2226 1788; x_wconf 88' lang='lat' dir='ltr'><strong>in</strong></span> 
     </span>
     <span class='ocr_line' id='line_1_25' title="bbox 341 1817 2224 1877; baseline -0.002 -12"><span class='ocrx_word' id='word_1_186' title='bbox 341 1824 396 1865; x_wconf 82' lang='lat' dir='ltr'><strong>lit.</strong></span> <span class='ocrx_word' id='word_1_187' title='bbox 430 1823 500 1866; x_wconf 88' lang='lat' dir='ltr'><strong>Gr.</strong></span> <span class='ocrx_word' id='word_1_188' title='bbox 533 1822 625 1865; x_wconf 90' lang='lat' dir='ltr'><strong>hist.</strong></span> <span class='ocrx_word' id='word_1_189' title='bbox 658 1822 698 1873; x_wconf 84' lang='lat'><strong>1,</strong></span> <span class='ocrx_word' id='word_1_190' title='bbox 729 1834 770 1877; x_wconf 84' lang='lat' dir='ltr'><strong>p.</strong></span> <span class='ocrx_word' id='word_1_191' title='bbox 807 1822 882 1869; x_wconf 84' lang='grc'><strong>96,</strong></span> <span class='ocrx_word' id='word_1_192' title='bbox 914 1817 986 1861; x_wconf 91' lang='lat' dir='ltr'><strong>ubi</strong></span> <span class='ocrx_word' id='word_1_193' title='bbox 1015 1817 1138 1861; x_wconf 90' lang='lat' dir='ltr'><strong>simul</strong></span> <span class='ocrx_word' id='word_1_194' title='bbox 1168 1817 1406 1874; x_wconf 82' lang='lat' dir='ltr'><strong>gravissima</strong></span> <span class='ocrx_word' id='word_1_195' title='bbox 1435 1817 1656 1875; x_wconf 85' lang='lat' dir='ltr'><strong>quaedam,</strong></span> <span class='ocrx_word' id='word_1_196' title='bbox 1688 1831 1795 1876; x_wconf 81' lang='lat' dir='ltr'><strong>quae</strong></span> <span class='ocrx_word' id='word_1_197' title='bbox 1823 1819 1865 1861; x_wconf 93' lang='lat' dir='ltr'><strong>in</strong></span> <span class='ocrx_word' id='word_1_198' title='bbox 1895 1819 1966 1861; x_wconf 94' lang='lat' dir='ltr'><strong>illo</strong></span> <span class='ocrx_word' id='word_1_199' title='bbox 1996 1820 2130 1862; x_wconf 90' lang='lat' dir='ltr'><strong>indice</strong></span> <span class='ocrx_word' id='word_1_200' title='bbox 2161 1823 2224 1863; x_wconf 81' lang='lat' dir='ltr'><strong>ot-</strong></span> 
     </span>
     <span class='ocr_line' id='line_1_26' title="bbox 339 1891 2224 1950; baseline -0.002 -10"><span class='ocrx_word' id='word_1_201' title='bbox 339 1899 535 1944; x_wconf 78' lang='lat' dir='ltr'><strong>sendum,</strong></span> <span class='ocrx_word' id='word_1_202' title='bbox 574 1895 835 1938; x_wconf 90' lang='lat' dir='ltr'><strong>incommoda</strong></span> <span class='ocrx_word' id='word_1_203' title='bbox 876 1900 1084 1936; x_wconf 87' lang='lat' dir='ltr'><strong>notantur.</strong></span> <span class='ocrx_word' id='word_1_204' title='bbox 1147 1891 1237 1936; x_wconf 89' lang='lat' dir='ltr'><strong>Nos</strong></span> <span class='ocrx_word' id='word_1_205' title='bbox 1278 1894 1415 1949; x_wconf 86' lang='lat' dir='ltr'><strong>potius</strong></span> <span class='ocrx_word' id='word_1_206' title='bbox 1455 1893 1597 1949; x_wconf 87' lang='lat' dir='ltr'><strong>paucis</strong></span> <span class='ocrx_word' id='word_1_207' title='bbox 1638 1893 1839 1948; x_wconf 76' lang='lat' dir='ltr'><strong>originem</strong></span> <span class='ocrx_word' id='word_1_208' title='bbox 1877 1894 1966 1950; x_wconf 81' lang='lat' dir='ltr'><strong>ejus</strong></span> <span class='ocrx_word' id='word_1_209' title='bbox 2008 1901 2131 1950; x_wconf 89' lang='lat' dir='ltr'><strong>atque</strong></span> <span class='ocrx_word' id='word_1_210' title='bbox 2161 1898 2224 1937; x_wconf 85' lang='lat' dir='ltr'><strong>in-</strong></span> 
     </span>
     <span class='ocr_line' id='line_1_27' title="bbox 339 1968 2222 2025; baseline -0.003 -8"><span class='ocrx_word' id='word_1_211' title='bbox 339 1975 475 2017; x_wconf 91' lang='lat' dir='ltr'><strong>dolem</strong></span> <span class='ocrx_word' id='word_1_212' title='bbox 519 1970 910 2017; x_wconf 88' lang='lat' dir='ltr'><strong>demonstrabimus,</strong></span> <span class='ocrx_word' id='word_1_213' title='bbox 959 1976 1175 2025; x_wconf 88' lang='lat' dir='ltr'><strong>postquam</strong></span> <span class='ocrx_word' id='word_1_214' title='bbox 1220 1969 1354 2024; x_wconf 87' lang='lat' dir='ltr'><strong>ipsum</strong></span> <span class='ocrx_word' id='word_1_215' title='bbox 1393 1968 1580 2011; x_wconf 86' lang='lat' dir='ltr'><strong>similiter</strong></span> <span class='ocrx_word' id='word_1_216' title='bbox 1620 1976 1666 2010; x_wconf 87' lang='lat' dir='ltr'><strong>ut</strong></span> <span class='ocrx_word' id='word_1_217' title='bbox 1709 1969 1914 2010; x_wconf 83' lang='grc' dir='ltr'><strong><em>Βοιωτίαν</em></strong></span> <span class='ocrx_word' id='word_1_218' title='bbox 1957 1971 2084 2011; x_wconf 90' lang='lat' dir='ltr'><strong>oculis</strong></span> <span class='ocrx_word' id='word_1_219' title='bbox 2126 1972 2222 2013; x_wconf 91' lang='lat' dir='ltr'><strong>sub-</strong></span> 
     </span>
     <span class='ocr_line' id='line_1_28' title="bbox 337 2051 536 2108; baseline -0.015 -15"><span class='ocrx_word' id='word_1_220' title='bbox 337 2051 536 2108; x_wconf 81' lang='lat' dir='ltr'><strong>jecimus:</strong></span> 
     </span>
    </p>

    <p class='ocr_par' dir='ltr' id='par_1_8' title="bbox 570 2116 1833 2329">
     <span class='ocr_line' id='line_1_29' title="bbox 693 2116 1833 2178; baseline -0.003 -15"><span class='ocrx_word' id='word_1_221' title='bbox 693 2121 829 2178; x_wconf 88' lang='grc' dir='ltr'><strong><em>Τρωσὶ</em></strong></span> <span class='ocrx_word' id='word_1_222' title='bbox 859 2119 937 2176; x_wconf 78' lang='grc' dir='ltr'><strong>μὲν</strong></span> <span class='ocrx_word' id='word_1_223' title='bbox 966 2116 1189 2176; x_wconf 82' lang='grc' dir='ltr'><strong><em>ἡγεμόνευε</em></strong></span> <span class='ocrx_word' id='word_1_224' title='bbox 1218 2118 1345 2175; x_wconf 83' lang='grc' dir='ltr'><strong><em>μέγας</em></strong></span> <span class='ocrx_word' id='word_1_225' title='bbox 1373 2120 1655 2174; x_wconf 78' lang='grc' dir='ltr'><strong><em>κορυθαίολος</em></strong></span> <span class='ocrx_word' id='word_1_226' title='bbox 1674 2117 1833 2171; x_wconf 71' lang='grc' dir='ltr'><strong><em>’Ἐκτωρ</em></strong></span> 
     </span>
     <span class='ocr_line' id='line_1_30' title="bbox 574 2193 1746 2255; baseline -0.005 -12"><span class='ocrx_word' id='word_1_227' title='bbox 574 2198 826 2254; x_wconf 83' lang='grc' dir='ltr'><strong><em>Πριαμίδης·</em></strong></span> <span class='ocrx_word' id='word_1_228' title='bbox 859 2194 946 2252; x_wconf 83' lang='grc' dir='ltr'><strong>ἅμα</strong></span> <span class='ocrx_word' id='word_1_229' title='bbox 974 2199 1031 2255; x_wconf 78' lang='grc' dir='ltr'><strong><em>τῷ</em></strong></span> <span class='ocrx_word' id='word_1_230' title='bbox 1061 2212 1107 2251; x_wconf 88' lang='grc' dir='ltr'><strong><em>γε</em></strong></span> <span class='ocrx_word' id='word_1_231' title='bbox 1136 2193 1245 2239; x_wconf 80' lang='grc' dir='ltr'><strong><em>πολὺ</em></strong></span> <span class='ocrx_word' id='word_1_232' title='bbox 1272 2198 1458 2239; x_wconf 79' lang='grc' dir='ltr'><strong><em>πλεῖστοι</em></strong></span> <span class='ocrx_word' id='word_1_233' title='bbox 1485 2195 1554 2238; x_wconf 80' lang='grc' dir='ltr'><strong>καὶ</strong></span> <span class='ocrx_word' id='word_1_234' title='bbox 1587 2194 1746 2249; x_wconf 72' lang='grc' dir='ltr'><strong><em>ἄριστοι</em></strong></span> 
     </span>
     <span class='ocr_line' id='line_1_31' title="bbox 570 2269 1433 2329; baseline -0.005 -11"><span class='ocrx_word' id='word_1_235' title='bbox 570 2275 661 2318; x_wconf 84' lang='grc' dir='ltr'><strong><em>λαοὶ</em></strong></span> <span class='ocrx_word' id='word_1_236' title='bbox 690 2270 986 2329; x_wconf 79' lang='grc' dir='ltr'><strong><em>θωρήσσοντο,</em></strong></span> <span class='ocrx_word' id='word_1_237' title='bbox 1016 2269 1216 2327; x_wconf 86' lang='grc' dir='ltr'><strong><em>μεμαότες</em></strong></span> <span class='ocrx_word' id='word_1_238' title='bbox 1246 2270 1433 2328; x_wconf 78' lang='grc' dir='ltr'><strong><em>ἐγχείῃσι.</em></strong></span> 
     </span>
    </p>

    <p class='ocr_par' dir='ltr' id='par_1_9' title="bbox 577 2340 1654 2481">
     <span class='ocr_line' id='line_1_32' title="bbox 683 2340 1654 2406; baseline -0.005 -11"><span class='ocrx_word' id='word_1_239' title='bbox 683 2349 938 2406; x_wconf 85' lang='grc' dir='ltr'><strong><em>Δαρδανίων</em></strong></span> <span class='ocrx_word' id='word_1_240' title='bbox 968 2340 1056 2392; x_wconf 79' lang='grc' dir='ltr'><strong><em>αὖτ’</em></strong></span> <span class='ocrx_word' id='word_1_241' title='bbox 1085 2341 1210 2405; x_wconf 84' lang='grc' dir='ltr'><strong><em>ἦρχεν</em></strong></span> <span class='ocrx_word' id='word_1_242' title='bbox 1240 2344 1313 2399; x_wconf 79' lang='grc' dir='ltr'><strong>ἐὺς</strong></span> <span class='ocrx_word' id='word_1_243' title='bbox 1340 2345 1438 2400; x_wconf 76' lang='grc' dir='ltr'><strong><em>πάις</em></strong></span> <span class='ocrx_word' id='word_1_244' title='bbox 1465 2344 1654 2405; x_wconf 78' lang='grc' dir='ltr'><strong><em>Ἀγχίσαο</em></strong></span> 
     </span>
     <span class='ocr_line' id='line_1_33' title="bbox 577 2421 1622 2481; baseline -0.005 -11"><span class='ocrx_word' id='word_1_245' title='bbox 577 2426 755 2479; x_wconf 80' lang='grc' dir='ltr'><strong><em>Αἰνείας,</em></strong></span> <span class='ocrx_word' id='word_1_246' title='bbox 786 2423 861 2468; x_wconf 86' lang='grc' dir='ltr'><strong><em>τὸν</em></strong></span> <span class='ocrx_word' id='word_1_247' title='bbox 893 2421 961 2467; x_wconf 81' lang='grc' dir='ltr'><strong>ὑπ’</strong></span> <span class='ocrx_word' id='word_1_248' title='bbox 990 2422 1151 2481; x_wconf 79' lang='grc' dir='ltr'><strong><em>Ἀγχίσῃ</em></strong></span> <span class='ocrx_word' id='word_1_249' title='bbox 1180 2422 1268 2466; x_wconf 83' lang='grc' dir='ltr'><strong><em>τέκε</em></strong></span> <span class='ocrx_word' id='word_1_250' title='bbox 1299 2421 1354 2466; x_wconf 87' lang='grc' dir='ltr'><strong>δῖ’</strong></span> <span class='ocrx_word' id='word_1_251' title='bbox 1382 2421 1622 2479; x_wconf 77' lang='grc' dir='ltr'><strong><em>Ἀφροδίτη,</em></strong></span> 
     </span>
    </p>

    <p class='ocr_par' dir='ltr' id='par_1_10' title="bbox 558 2497 1619 2625">
     <span class='ocr_line' id='line_1_34' title="bbox 558 2497 1510 2560; baseline -0.003 -16"><span class='ocrx_word' id='word_1_252' title='bbox 558 2501 670 2558; x_wconf 83' lang='grc' dir='ltr'><strong><em>Ἴδης</em></strong></span> <span class='ocrx_word' id='word_1_253' title='bbox 700 2501 746 2544; x_wconf 80' lang='grc' dir='ltr'><strong>ἐν</strong></span> <span class='ocrx_word' id='word_1_254' title='bbox 775 2504 969 2557; x_wconf 86' lang='grc' dir='ltr'><strong><em>κνημοῖσι</em></strong></span> <span class='ocrx_word' id='word_1_255' title='bbox 997 2497 1077 2542; x_wconf 77' lang='grc' dir='ltr'><strong><em>θεὰ</em></strong></span> <span class='ocrx_word' id='word_1_256' title='bbox 1108 2501 1244 2560; x_wconf 80' lang='grc' dir='ltr'><strong><em>βροτῷ</em></strong></span> <span class='ocrx_word' id='word_1_257' title='bbox 1273 2497 1510 2555; x_wconf 78' lang='grc' dir='ltr'><strong><em>εὐνηθεῖσα.</em></strong></span> 
     </span>
     <span class='ocr_line' id='line_1_35' title="bbox 666 2577 1619 2625; baseline -0.003 -8"><span class='ocrx_word' id='word_1_258' title='bbox 666 2582 714 2618; x_wconf 77' lang='lat'><strong>0‘2</strong></span> <span class='ocrx_word' id='word_1_259' title='bbox 737 2581 775 2617; x_wconf 77' lang='grc' dir='ltr'><strong>δὲ</strong></span> <span class='ocrx_word' id='word_1_260' title='bbox 802 2582 942 2617; x_wconf 76' lang='grc' dir='ltr'><strong><em>Ζέλειαν</em></strong></span> <span class='ocrx_word' id='word_1_261' title='bbox 966 2579 1083 2616; x_wconf 77' lang='grc' dir='ltr'><strong><em>ἔναιον</em></strong></span> <span class='ocrx_word' id='word_1_262' title='bbox 1106 2577 1194 2615; x_wconf 64' lang='grc' dir='ltr'><strong><em>ὑπαὶ</em></strong></span> <span class='ocrx_word' id='word_1_263' title='bbox 1218 2579 1320 2616; x_wconf 78' lang='grc' dir='ltr'><strong><em>πόδα</em></strong></span> <span class='ocrx_word' id='word_1_264' title='bbox 1342 2581 1485 2615; x_wconf 84' lang='grc' dir='ltr'><strong><em>νείατον</em></strong></span> <span class='ocrx_word' id='word_1_265' title='bbox 1509 2577 1619 2625; x_wconf 79' lang='grc' dir='ltr'><strong><em>Ἴδης,</em></strong></span> 
     </span>
    </p>
   </div>
   <div class='ocr_carea' id='block_1_6' title="bbox 568 2641 1376 2690">
    <p class='ocr_par' dir='ltr' id='par_1_11' title="bbox 568 2641 1376 2690">
     <span class='ocr_line' id='line_1_36' title="bbox 568 2641 1376 2690; baseline -0.001 -8"><span class='ocrx_word' id='word_1_266' title='bbox 568 2645 731 2690; x_wconf 66' lang='grc' dir='ltr'><strong><em>ἀφνειοί,</em></strong></span> <span class='ocrx_word' id='word_1_267' title='bbox 757 2646 915 2686; x_wconf 83' lang='grc' dir='ltr'><strong><em>πίνοντες</em></strong></span> <span class='ocrx_word' id='word_1_268' title='bbox 938 2641 1034 2689; x_wconf 73' lang='grc' dir='ltr'><strong><em>ὕδωρ</em></strong></span> <span class='ocrx_word' id='word_1_269' title='bbox 1057 2644 1164 2689; x_wconf 82' lang='grc' dir='ltr'><strong><em>μέλαν</em></strong></span> <span class='ocrx_word' id='word_1_270' title='bbox 1188 2645 1376 2690; x_wconf 76' lang='grc' dir='ltr'><strong><em>Αἰσήποιο,</em></strong></span> 
     </span>
    </p>
   </div>
   <div class='ocr_carea' id='block_1_7' title="bbox 565 2876 1561 2984">
    <p class='ocr_par' dir='ltr' id='par_1_12' title="bbox 565 2876 1561 2984">
     <span class='ocr_line' id='line_1_37' title="bbox 567 2876 1417 2927; baseline -0.002 -11"><span class='ocrx_word' id='word_1_271' title='bbox 567 2879 645 2927; x_wconf 72' lang='lat' dir='ltr'><strong>[ov&#39;u</strong></span> <span class='ocrx_word' id='word_1_272' title='bbox 670 2877 762 2923; x_wconf 82' lang='grc' dir='ltr'><strong><em>οἶος,</em></strong></span> <span class='ocrx_word' id='word_1_273' title='bbox 788 2876 862 2925; x_wconf 70' lang='grc' dir='ltr'><strong>ἅμα</strong></span> <span class='ocrx_word' id='word_1_274' title='bbox 886 2881 936 2926; x_wconf 80' lang='grc' dir='ltr'><strong><em>τῷ</em></strong></span> <span class='ocrx_word' id='word_1_275' title='bbox 960 2892 995 2925; x_wconf 85' lang='grc' dir='ltr'><strong><em>γε</em></strong></span> <span class='ocrx_word' id='word_1_276' title='bbox 1020 2879 1095 2915; x_wconf 81' lang='grc' dir='ltr'><strong>δύω</strong></span> <span class='ocrx_word' id='word_1_277' title='bbox 1119 2877 1417 2925; x_wconf 68' lang='grc' dir='ltr'><strong><em>Ἆντήνοροςυῖε,</em></strong></span> 
     </span>
     <span class='ocr_line' id='line_1_38' title="bbox 565 2933 1561 2984; baseline -0.003 -8"><span class='ocrx_word' id='word_1_278' title='bbox 565 2940 762 2984; x_wconf 73' lang='grc' dir='ltr'><strong><em>Ἀρχέλοχός</em></strong></span> <span class='ocrx_word' id='word_1_279' title='bbox 784 2938 814 2974; x_wconf 85' lang='grc' dir='ltr'><strong><em>τ’</em></strong></span> <span class='ocrx_word' id='word_1_280' title='bbox 839 2939 987 2983; x_wconf 85' lang='grc' dir='ltr'><strong><em>Ἀκάμας</em></strong></span> <span class='ocrx_word' id='word_1_281' title='bbox 1010 2952 1064 2982; x_wconf 87' lang='grc' dir='ltr'><strong>τε,</strong></span> <span class='ocrx_word' id='word_1_282' title='bbox 1087 2939 1202 2984; x_wconf 70' lang='grc' dir='ltr'><strong><em>μάχης</em></strong></span> <span class='ocrx_word' id='word_1_283' title='bbox 1226 2933 1264 2974; x_wconf 81' lang='grc' dir='ltr'><strong><em>εὖ</em></strong></span> <span class='ocrx_word' id='word_1_284' title='bbox 1288 2939 1400 2974; x_wconf 84' lang='grc' dir='ltr'><strong><em>εἰδότε</em></strong></span> <span class='ocrx_word' id='word_1_285' title='bbox 1425 2939 1561 2983; x_wconf 81' lang='grc' dir='ltr'><strong><em>πάσης.]</em></strong></span> 
     </span>
    </p>
   </div>
  </div>
 </body>
</html>
