2578 3714
1106 174 1441 220 „29-

337 309 487 350 artifex
516 308 822 360 Δαρδανίωνας
852 309 889 350 Η
908 311 1006 350 414.
1041 311 1079 350 Θ
1111 311 1211 357 154,
1245 321 1340 350 cum
1371 306 1559 350 Homero
1590 305 1811 362 Δάρδανοι
1841 314 1999 349 tantum
2029 309 2214 358 audiant;

337 397 412 426 eur
431 383 480 425 iis
502 381 686 425 Aeneam
709 383 980 441 praefecerit,
1014 390 1184 428 monent
1205 383 1380 428 scholia:
1411 379 1438 439 ἡ
1462 385 1604 439 διπλῆ,
1636 380 1702 426 ὅτι
1719 384 1807 425 τῶν
1827 379 2065 436 Δαρδάνων
2092 377 2217 441 ἦρχεν

336 460 504 507 Αἰνείας
532 459 600 501 καὶ
631 456 760 508 αὐτὸς
787 457 850 501 ὦν
880 457 1124 515 Δάρδανος·
1155 458 1263 516 πρὸς
1289 458 1339 502 τὸ
1367 458 1525 503 τόνδ’
1555 459 1744 502 ἔκτανε
1774 456 2053 514 Δάρδανος
2081 457 2218 515 ἀνήρ

338 536 476 588 (701).
523 536 633 591 quod
672 536 836 591 quidam
867 537 920 579 de
948 540 1090 580 Aenea
1126 543 1400 592 acceperunt;
1444 531 1533 579 αὖτ’
1570 551 1626 578 ex
1656 551 1693 577 v.
1728 538 1824 577 540.
1858 539 1956 577 552.
1989 538 2085 577 563.
2117 539 2217 595 627;

334 602 458 665 ἦρχεν
488 608 559 659 ἐὺς
587 607 686 660 πάις
721 608 828 666 ’Am
859 626 913 656 ex
942 611 989 656 Μ
1020 615 1090 656 98.
1124 638 1174 645 -
1208 626 1248 655 v.
1284 615 1383 655 820
1414 626 1466 654 ex
1496 628 1533 655 v.
1566 614 1674 661 '7143
1720 618 1760 654 et
1794 608 1852 654 δῖ’
1890 608 2062 665 Ἀφροδ.
2094 610 2220 653 habes

337 688 377 726 Γ
408 690 505 728 389.
543 690 641 729 413.
687 691 725 730 E
752 691 850 731 370.
889 703 918 731 υ
957 692 1026 731 cs.
1058 712 1115 719 —
1155 702 1196 730 v.
1231 690 1351 731 821:
1385 686 1495 743 Ἴδης
1523 687 1571 731 ἐν
1598 691 1793 742 κνημοῖσι
1826 690 1863 729 Α
1898 690 1991 729 105.
2042 689 2083 728 Φ
2111 689 2219 736 um

333 763 470 818 βροτῷ
500 759 725 816 εὐνηθεῖσα
756 763 893 820 hymn.
925 762 1027 806 Ven.
1063 766 1148 807 256
1179 770 1221 807 et
1249 761 1358 819 γυνὴ
1387 766 1475 823 θεῷ
1504 761 1653 819 εὖνηθ.
1687 766 1736 805 H
1764 766 1860 806 176.

448 836 496 879 V.
533 840 629 880 840
660 852 727 895 sq.
761 839 937 883 consecti
966 847 1062 883 sunt
1092 854 1145 883 ex
1176 842 1216 881 P
1240 842 1324 884 288
1356 853 1418 897 sq.
1448 836 1616 895 Λήθοιο
1647 840 1871 893 Πελασγοῦ
1899 838 2100 894 φαίδιμος
2127 836 2219 887 υἱός

329 909 577 962 Ἱππόθοος,
615 914 686 970 qui
726 921 811 957 tum
847 915 1088 959 interfectus
1128 916 1241 974 jacet
1270 918 1353 959 301
1389 912 1472 971 τῆλ’
1512 912 1597 958 ἀπὸ
1627 915 1842 970 Λαρίσσης
1882 911 2136 970 ἐριβώλακος
2168 939 2216 945 -

334 990 569 1030 nominatur
599 991 719 1032 etiam
749 991 846 1033 ibid.
879 995 975 1033 217.
1007 995 1092 1034 318
1123 1007 1197 1040 -—;
1228 999 1444 1049 praeterea
1474 991 1548 1034 cfr.
1579 993 1618 1034 K
1650 994 1747 1034 429.
1778 1006 1802 1032 τ
1837 994 1916 1032 177
1946 991 2032 1032 δῖοί
2059 1005 2104 1032 τε
2136 992 2219 1031 Πε-

334 1065 496 1117 λασγοί,
528 1078 633 1120 quos
663 1063 963 1121 ἐγχεσιμώρους
991 1067 1098 1110 dixit
1128 1083 1182 1110 ex
1213 1082 1251 1110 v,
1272 1070 1370 1120 692,
1402 1068 1479 1110 nisi
1509 1067 1645 1124 potius
1675 1065 1719 1108 H
1749 1069 1827 1109 134
1862 1065 2046 1109 Πύλιοί
2075 1083 2118 1110 τε
2148 1067 2218 1108 καὶ

332 1137 523 1194 Ἀρκάδες
559 1139 824 1195 ἐγχεσίμωροι
860 1143 1061 1200 respexit,
1106 1143 1301 1200 quoniam
1337 1143 1519 1187 Arcades
1556 1150 1598 1185 et
1634 1143 1711 1198 ipsi
1740 1141 1903 1198 Pelasgi
1941 1139 2031 1184 κατ’
2070 1141 2218 1197 ἐξοχὴν

334 1223 541 1271 putantur.
589 1215 715 1261 Certe
745 1233 798 1261 ex
831 1218 976 1262 eodem
1007 1220 1102 1262 loco
1130 1219 1184 1268 is,
1216 1218 1290 1276 qui
1318 1217 1482 1263 duobus
1514 1216 1702 1261 versibus
1732 1221 1816 1261 842
1836 1232 1898 1274 sq.
1934 1219 2216 1275 interpolatio-

335 1304 427 1332 nem
457 1292 594 1339 auxit,
626 1293 857 1351 Pylaeum
889 1293 1112 1351 sumpsisse
1143 1292 1306 1335 videtur
1333 1294 1470 1351 potius
1500 1306 1625 1351 quam
1657 1307 1709 1333 ex
1741 1290 1786 1334 Μ
1821 1295 1921 1341 187,
1953 1292 2026 1335 ubi
2055 1292 2214 1352 Pylon

334 1366 497 1421 quidam
537 1368 793 1410 interficitur.
855 1369 967 1411 ldem
1007 1369 1084 1425 ipsi
1121 1369 1310 1429 catalogo
1348 1368 1470 1411 debet
1499 1366 1595 1420 ὄζος
1623 1366 1779 1423 ’Ἀρηος
1809 1383 1846 1409 v.
1879 1370 1976 1409 704.
2008 1371 2111 1417 745,
2151 1364 2214 1409 υἷε

333 1440 421 1483 δύω
453 1457 488 1484 v,
522 1447 628 1493 6793
672 1457 813 1486 versus
843 1445 1023 1487 clausula
1055 1444 1196 1487 similis
1235 1451 1297 1487 est
1336 1444 1396 1486 iui
1427 1442 1657 1497 Πολυνήου
1703 1443 2023 1485 Τεκτονίδαο
2053 1447 2086 1484 θ
2120 1447 2212 1494 114,

338 1531 413 1560 nec
443 1531 694 1576 magnopere
724 1519 879 1563 abludit
915 1520 1286 1575 Τευθρανίδης
1315 1518 1350 1562 Ζ
1385 1522 1452 1563 13.

447 1592 659 1637 Thraces
691 1609 762 1645 eo,
795 1609 918 1652 quem
948 1597 1206 1652 potissimum
1225 1584 1290 1638 ’ob
1320 1595 1465 1638 oculos
1494 1594 1656 1646 habuit,
1690 1595 1785 1637 loco
1816 1595 1991 1637 omissos
2024 1609 2117 1636 cum
2140 1594 2216 1637 du-

320 1663 448 1711 'cibus
478 1669 561 1711 suis
592 1670 746 1711 addidit
777 1685 813 1711 v,
846 1674 932 1713 844
960 1685 1021 1727 sq.
1053 1685 1108 1713 ex
1138 1673 1178 1712 E
1203 1674 1303 1713 462.
1337 1673 1372 1712 Ζ
1402 1674 1427 1712 7
1456 1685 1535 1727 sq„
1580 1670 1650 1712 ubi
1689 1670 1921 1718 Acamas,
1969 1678 2011 1712 et
2041 1675 2082 1710 A
2111 1673 2211 1712 520.

334 1748 433 1791 525,
467 1745 537 1787 ubi
570 1746 749 1805 Pirous
779 1746 1005 1795 inducitur;
1039 1753 1126 1788 tum
1156 1743 1368 1802 ἀγάρροον
1391 1742 1697 1806 Ἑλλήσποντον
1719 1761 1773 1788 ex
1793 1744 1840 1788 Μ
1867 1749 1942 1796 30,
1974 1745 2075 1787 illud
2097 1744 2216 1794 ἐντὸς

332 1818 459 1874 ἐέργει
482 1835 535 1862 ex
555 1821 648 1878 ipso
671 1820 860 1877 catalogo
885 1836 923 1862 v,
945 1825 1029 1863 517
1060 1828 1268 1864 mutuatus
1298 1829 1378 1869 est,
1412 1830 1450 1863 et
1479 1821 1577 1863 item
1611 1822 1651 1863 in
1683 1821 1865 1863 clausula
1896 1821 2048 1877 legitur
2078 1823 2215 1863 1404.

333 1899 376 1937 Σ
401 1898 499 1938 512.
546 1898 589 1936 Χ
619 1899 711 1938 121.
759 1898 802 1937 Ω
831 1898 938 1946 544ς
981 1896 1075 1939 hinc
1104 1896 1326 1939 formulam
1357 1897 1492 1954 posuit
1524 1910 1607 1938 non
1639 1896 1826 1953 cogitans
1857 1896 1911 1938 de
1942 1911 1992 1938 eo
2024 1896 2211 1944 consilio,

331 1972 444 2028 quod
477 1978 635 2015 veteres
666 1973 826 2015 λυτικοί
855 1973 893 2015 ei
923 1972 1213 2029 subjecerunt,
1243 1980 1291 2015 ut
1313 1988 1410 2016 suos
1432 1972 1612 2016 Thraces
1634 1972 1686 2015 ab
1717 1974 1767 2014 iis
1799 1973 2091 2027 distingueret,
2122 1973 2214 2028 qui-

333 2047 409 2089 hus
441 2050 480 2089 A
510 2050 590 2089 221
624 2062 714 2105 sqq.
748 2047 979 2105 Iphidamas
1008 2047 1251 2105 imperitatl'

446 2122 665 2179 Cicones
698 2138 797 2166 vero
828 2137 869 2165 v.
902 2125 986 2166 846
1016 2137 1097 2182 sq„
1129 2124 1199 2181 qui
1229 2137 1375 2167 versus
1405 2138 1575 2181 prorsus
1607 2123 1796 2182 ejusdem
1830 2137 1973 2166 manus
2007 2122 2212 2175 videntur,

333 2215 407 2257 pro
440 2200 794 2250 Cauconibus,
836 2214 941 2258 quos
971 2200 1093 2243 etiam
1131 2203 1168 2241 Y
1191 2202 1274 2242 329
1316 2200 1472 2251 videas,
1513 2200 1774 2244 substituisse
1807 2200 1969 2243 videtur
2001 2199 2213 2258 Odysseae

334 2278 531 2319 memoria
562 2294 577 2318 ι
607 2280 662 2319 39
692 2291 781 2333 sqq.
826 2284 1084 2319 transversus
1114 2283 1245 2327 actus;
1286 2274 1523 2332 αἰχμητάων
1562 2278 1725 2333 saepius
1755 2277 1796 2317 in
1829 2276 2012 2318 clausula
2043 2277 2212 2332 legitur;

332 2353 404 2396 sed
425 2352 536 2395 unde
558 2352 705 2395 ducem
727 2352 892 2394 illorum
917 2351 1176 2409 Euphemum
1200 2349 1400 2395 Troezeni
1424 2351 1582 2395 Ceadae
1603 2351 1729 2394 filium
1751 2351 1987 2407 expiscatus
2015 2351 2085 2399 sit,
2117 2366 2213 2393 nes-

333 2430 418 2470 cire
437 2442 514 2471 ,me
543 2427 691 2470 fateor.

446 2505 524 2547 Alii
563 2511 699 2546 tamen
732 2502 948 2546 Caucones
978 2517 1103 2560 aegre
1133 2503 1386 2546 desiderasse
1417 2502 1623 2553 videntur,
1665 2510 1711 2544 ut
1751 2516 1801 2544 ex
1833 2517 1884 2545 eo
1925 2510 2058 2558 patet,
2103 2504 2216 2559 quod

332 2579 485 2623 Strabo
516 2579 646 2623 refert
675 2577 784 2637 XIJ,
817 2576 865 2630 3,
897 2583 921 2622 Ιι
954 2581 1010 2637 (p.
1044 2579 1167 2633 542);
1211 2576 1497 2633 Καλλισθένης
1525 2577 1572 2621 δὲ
1601 2578 1670 2620 καὶ
1710 2577 1866 2633 ἔγραφε
1896 2577 1946 2620 τὰ
1980 2579 2056 2633 ἔπη
2085 2581 2216 2621 ταῦτα

331 2657 387 2706 εἰς
417 2653 493 2699 τὸν
522 2653 771 2711 διάκοσμον,
803 2652 906 2710 μετὰ
933 2653 981 2698 τὸ
1332 2669 1342 2678 “
1373 2660 1377 2666 “

616 2730 831 2788 Κρομνάν
858 2729 892 2774 τ’
926 2730 1129 2787 Αἰγιαλόν
1157 2746 1198 2774 τε
1226 2730 1293 2773 καὶ
1323 2726 1514 2786 ὑψηλοὺς
1539 2728 1790 2785 Ἐρυθίνους

327 2810 456 2859 τιθεὶς

617 2884 851 2936 Καύκωνας
882 2886 937 2942 [δ]
970 2878 1061 2928 αὖτ’
1089 2878 1163 2940 ἦγε
1194 2882 1434 2934 Hui-vulsos
1460 2882 1553 2934 υἱὸς
1583 2882 1761 2938 ἀμύμων
1840 2928 1849 2932 ς

615 2965 655 3003 οἳ
683 2962 774 3014 περὶ
808 2961 1054 3015 Παρθένιον
1082 2958 1273 3014 ποταμὸν
1301 2959 1431 3002 κλυτά
1458 2958 1611 3014 δώματ’
1645 2959 1807 3009 ἔναιον,
