2578 3714
1130 191 1465 236 -25-

474 323 571 366 Jam
601 323 634 365 si
665 337 750 366 uno
780 322 927 366 obtutu
957 323 1221 378 catalogistae
1248 330 1379 365 artem
1417 322 1721 378 percurrimus,
1769 322 1954 365 videmus
1992 338 2085 367 eum
2125 327 2238 367 solos

361 398 599 441 Boeotios
624 412 721 441 suos
752 397 910 441 tribus
941 398 1121 455 strophis
1144 397 1316 448 efferre;
1347 396 1477 441 binis
1508 407 1718 441 exornare
1745 410 1894 440 novem
1920 406 2079 453 gentes,
2109 399 2239 443 Pho—

363 488 541 517 censes
572 481 617 517 ut
646 472 902 517 Boeotorum
925 474 1036 517 ⁴aciei
1065 474 1258 531 proxime
1286 474 1549 517 instruendos
1580 473 1633 528 (v.
1666 475 1785 527 526),
1816 471 2044 517 Abantes
2073 484 2242 531 propter

361 551 610 606 singularem
642 549 829 592 cominus
859 548 1069 606 pugnandi
1097 549 1323 598 rationem,
1370 547 1601 605 Argivos
1632 556 1674 592 et
1703 548 1849 592 Elios
1890 556 2064 605 propter
2092 549 2241 593 ducum

363 639 603 672 numerum,
637 624 922 668 Protesilai
954 632 996 669 et
1023 625 1354 668 Philoctetae
1383 626 1546 682 copias,
1578 624 1773 682 quoniam
1803 625 1852 666 iis
1883 624 1924 666 in
1957 625 2104 667 horum
2135 625 2243 681 ipso—

363 715 454 744 rum
491 701 642 743 ducum
674 701 807 743 vicem
837 701 1043 744 Podarces
1082 708 1123 744 et
1151 698 1308 744 Medon
1338 706 1725 750 successere,'tum
1767 700 2157 756 Agamemnonis
2200 710 2243 744 ut

362 778 509 820 summi
541 777 801 833 imperatoris
832 784 872 819 et
911 775 1141 820 Menelai
1178 784 1224 821 ut
1254 777 1526 835 expeditionis
1555 777 1739 822 auctoris
1769 776 1926 833 injuria
1954 777 2137 821 lacessiti
2169 779 2242 819 mi-

363 854 471 901 lites,
503 860 715 909 postremo
747 852 967 897 Arcades
998 854 1163 897 navium
1192 854 1244 897 ab
1272 854 1587 909 Agame-noue
1612 860 1874 909 acceptarum
1906 856 2048 902 causa;
2082 862 2243 896 ceteros

362 942 504 972 omnes
534 929 752 986 singulis
782 929 960 987 strophis
990 929 1176 975 absolvit.

475 1004 619 1048 Restat
648 1020 774 1049 unum
807 1005 1056 1054 membrum.
1088 1020 1172 1062 quo
1193 1005 1244 1051 de
1267 1004 1460 1049 Nestoris
1484 1006 1614 1061 copiis
1635 1006 1772 1060 agitur
1795 1019 1833 1047 v.
1857 1007 2099 1047 511—602.
2147 1003 2243 1046 Hoc

361 1090 401 1125 et
430 1083 564 1138 ipsum
596 1095 844 1138 quamquam
883 1081 984 1138 legis
1014 1082 1056 1124 iu
1088 1096 1274 1124 normam
1306 1081 1430 1124 variis
1459 1079 1592 1124 modis
1622 1080 1742 1123 facile
1772 1080 1904 1137 redigi
1934 1089 2088 1137 potest.
2135 1090 2180 1124 ut
2211 1083 2242 1123 si

362 1159 497 1200 deleto
530 1172 568 1199 v,
605 1160 688 1199 596
719 1171 797 1213 pro
827 1156 990 1200 duobus
1021 1158 1090 1214 qui
1122 1164 1353 1214 sequuntur
1382 1164 1701 1214 unus-ponatur
1730 1157 1815 1199 hic:

363 1278 365 1280 ,
648 1234 792 1275 στεῦτο
822 1230 904 1287 γὰρ
933 1229 1157 1287 εὐχόμενος
1185 1229 1410 1283 Μούσας
1436 1229 1656 1287 νικησέμεν
1675 1229 1868 1282 αὐτάς,

362 1309 552 1366 equidem
584 1317 718 1352 tamen
748 1309 937 1352 consulto
968 1316 1069 1365 puto
1099 1305 1320 1352 Μουσάων
1348 1305 1589 1363 θεράποντα
1617 1308 1871 1364 genealogici
1893 1309 2086 1352 carminis
2113 1309 2245 1365 legem

362 1386 558 1444 migrasse
590 1399 641 1426 eo
673 1385 783 1441 quod
815 1385 1168 1427 enumerationum
1199 1385 1496 1440 simplicitatem
1533 1384 1846 1439 interrupturus
1889 1392 1975 1426 erat
2009 1385 2245 1427 narratione

361 1453 430 1502 de*
451 1460 562 1516 justa
605 1460 818 1502 numinum
867 1459 1034 1502 illorum
1075 1459 1135 1502 ira
1180 1459 1315 1520 impiis
1359 1459 1603 1516 peruiciosa.
1672 1457 1822 1502 Monui
1861 1458 1949 1516 jam
1993 1459 2045 1502 de
2084 1460 2159 1502 hac
2199 1475 2244 1501 re

361 1550 483 1591 supra
515 1550 554 1591 p.
586 1539 625 1578 6.

476 1611 575 1654 Inde
606 1625 682 1654 nec
713 1611 969 1668 prooemium
1000 1611 1154 1668 ipsum,
1186 1610 1298 1669 quod
1329 1625 1436 1655 nunc
1464 1610 1626 1654 duabus
1656 1611 1836 1668 strophis
1867 1611 2069 1660 decurrit,
2103 1620 2148 1655 ut
2180 1614 2243 1655 isti

362 1689 441 1743 legi
483 1687 761 1752 responderet¹
794 1688 1139 1731 necessarium
1182 1686 1326 1731 fuisse2
1350 1688 1594 1744 putaverim.
1655 1686 1784 1731 Certe
1823 1703 1933 1740 eam,
1981 1703 2104 1746 quam
2136 1704 2246 1732 nunc

361 1766 555 1821 legimus.
591 1764 960 1807 conformationem
992 1778 1031 1806 v.
1066 1766 1147 1806 491
1182 1778 1242 1821 sq.
1273 1763 1482 1811 laborare.
1515 1763 1668 1820 quibus
1700 1766 1938 1820 »oppositio
1967 1765 2243 1821 infringatur«

361 1842 447 1883 sive
477 1841 613 1897 potius
644 1840 828 1889 tollatur,
862 1847 972 1883 recte
1000 1839 1089 1897 jam
1120 1838 1307 1898 Heynius
1337 1840 1478 1888 sensit,
1520 1840 1593 1896 qui
1622 1839 1800 1896 proinde
1832 1848 1870 1882 et
1906 1854 1977 1883 eos
2009 1841 2084 1893 „ab
2115 1843 2242 1885 inter-

361 1917 547 1972 polatore
588 1916 822 1971 profectos«
866 1916 1042 1971 putavit,
1089 1916 1131 1958 in
1168 1929 1248 1972 qua
1287 1929 1333 1957 re
1373 1921 1538 1971 praeter
1569 1913 1773 1958 Wolfium
1813 1922 1853 1957 et
1893 1916 2085 1964 Vossium
2125 1918 2243 1958 etiam

363 1990 619 2035 Nitzschium
650 1991 947 2034 adsentientem
979 1990 1120 2034 habuit
1150 1990 1201 2034 ad
1224 1992 1258 2045 d
1288 1993 1391 2039 240,
1437 1990 1508 2033 sed
1547 1991 1670 2033 etiam
1713 2006 1752 2034 v.
1783 1994 2013 2034 488-490
2053 1993 2130 2034 »ab
2166 1993 2244 2034 alio

360 2067 593 2123 antiquiore
636 2067 843 2123 rhapsodo
884 2081 975 2109 esse
1017 2067 1220 2109 insertos«
1266 2066 1492 2122 suspicatus
1532 2073 1613 2115 est,
1659 2067 1713 2108 ita
1761 2075 1804 2108 ut
1845 2082 1881 2109 v.
1925 2069 2151 2110 lami—487
2196 2095 2240 2098 —

363 2142 499 2200 ejecto
532 2143 652 2185 etiam
686 2157 722 2185 v.
754 2145 838 2186 493
868 2166 912 2175 -
938 2142 1073 2186 statim
1104 2142 1343 2199 exceperint
1373 2143 1569 2185 Βοιωτῶν
1598 2140 1675 2196 μὲν
1706 2150 1783 2186 etc.
1836 2141 1960 2185 Haud
1993 2144 2243 2199 improbabi-

362 2219 454 2261 liter
486 2219 584 2260 haec
626 2218 828 2274 disputata
860 2232 949 2261 esse
985 2218 1132 2261 fateor.
1195 2217 1276 2261 Sed
1319 2225 1451 2260 tamen
1492 2216 1708 2261 Hesiodeo
1749 2224 1896 2275 poetae
1933 2217 2150 2262 Musarum
2182 2221 2244 2262 iu-

363 2295 623 2337 vocationem
670 2294 859 2337 mutilare
904 2294 1122 2351 eidemque
1163 2292 1436 2337 nobilissimos
1479 2307 1622 2337 versus
1665 2294 1875 2350 propriam
1921 2294 2240 2338 imbecillitatem

362 2372 490 2413 fassos
511 2370 756 2413 subtrahere
783 2370 1075 2422 dubitaverim,
1107 2370 1346 2427 praesertim
1378 2384 1470 2413 cum
1501 2369 1609 2413 sacili
1639 2377 1710 2413 aut
1740 2370 2027 2413 emendatione
2058 2379 2130 2415 aut
2151 2386 2243 2415 ver-

362 2462 480 2490 suum
504 2448 822 2504 transpositione
852 2448 1137 2504 prooemium,
1168 2446 1287 2504 quale
1317 2458 1428 2489 nune
1456 2446 1628 2503 legitur,
1659 2445 1710 2488 ab
1741 2446 1853 2489 omni
1885 2446 2118 2492 offensione
2147 2463 2247 2505 pur-

360 2524 448 2578 gari
489 2524 631 2580 possit.
692 2526 775 2566 Aut
812 2524 918 2565 enim
966 2537 1002 2565 v.
1040 2526 1122 2566 1091
1162 2524 1198 2565 εἰ
1236 2522 1325 2564 καί
1365 2535 1443 2579 pro
1483 2522 1519 2564 εἰ
1562 2519 1622 2576 μή
1664 2522 1927 2565 scribendum
1966 2530 2051 2572 est,
2099 2531 2169 2567 aut
2209 2540 2245 2567 ι’.

363 2602 442 2642 1091
477 2613 537 2655 sq.
570 2599 704 2641 statim
736 2607 828 2654 post
861 2614 896 2641 v,
923 2601 1008 2642 486
1039 2599 1217 2655 ponendi
1247 2605 1365 2646 sunt,
1396 2605 1442 2640 ut
1471 2613 1551 2641 uua
1581 2598 1813 2654 parenthesi
1847 2613 1883 2639 v.
1912 2602 2144 2642 485—492
2177 2601 2246 2643 de—

361 2682 541 2727 currant.
602 2673 654 2716 Et
690 2674 794 2717 hanc
830 2675 1031 2717 rationem
1063 2689 1141 2731 ego
1178 2674 1461 2731 praetulerim:
1509 2680 1622 2717 certe
1658 2673 1891 2717 ordinem
1930 2690 2127 2734 versuum
2164 2690 2246 2719 non

361 2751 479 2793 nimis
521 2740 680 2794 certum
718 2765 807 2793 esse
846 2750 937 2793 cod.
971 2750 1070 2793 Ven.
1103 2750 1380 2799 Btostendin⁹
1417 2751 1457 2792 in
1495 2764 1581 2807 quo
1619 2750 1746 2793 literis
1786 2752 1931 2807 positis
1975 2752 2078 2794 haec
2120 2754 2245 2795 series

364 2825 699 2870 commendatur:
746 2829 843 2870 484.
887 2830 986 2870 487.
1017 2830 1115 2871 485.
1146 2830 1251 2874 486,
1297 2840 1405 2884 quae
1442 2834 1482 2868 et
1513 2828 1600 2884 ipsa
1631 2842 1727 2870 cum
1759 2835 1899 2870 nostra
1932 2831 2249 2886 transpositione

363 2902 563 2959 coniungi
593 2910 740 2959 potest.
803 2902 1193 2959 Quomodocunque
1221 2903 1433 2954 statuitur,
1479 2910 1593 2945 certe
1629 2904 1864 2960 strophicae
1896 2913 2062 2948 nostrae
2093 2906 2247 2949 doctri-

363 2992 438 3020 nae
470 2993 521 3021 ne
551 2979 767 3035 prooemio
798 2979 964 3036 quidem
996 2979 1220 3036 quidquam
1250 2979 1441 3035 derogari
1472 2987 1596 3034 patet.

1831 3057 1853 3088 4
