2578 3714
302 378 369 409 865

304 665 370 696 870

301 1012 366 1042 875

285 2979 344 3001 365

1166 187 1231 191 μ-.
1304 159 1369 204 28
1446 186 1503 193 -

732 290 909 350 Μῄοσιν
938 287 996 338 αὖ
1025 292 1231 349 Μέσθλης
1260 310 1303 338 τε
1333 295 1402 338 καὶ
1435 294 1634 348 ’Ἄντιφος
1662 292 1927 349 ἡγησάσθην,

617 366 681 413 υἷε
714 368 1018 426 Πυλαιμένεος,
1047 367 1105 413 wi
1137 372 1298 427 Γυγαίη
1327 368 1414 414 τέκε
1444 370 1581 426 λίμνη.

761 433 764 436 ι
801 453 965 497 [Νάστης
987 449 1034 487 αὖ
1055 454 1188 500 Καρῶν
1212 453 1379 499 ἡγήσατο
1400 453 1731 500 βαρβαροφώνων,

709 527 746 557 οἳ
770 525 934 569 Μίλητον
956 521 1046 566 ἕχον
1071 525 1242 572 caup&
1265 524 1293 560 τ’
1316 520 1408 570 ὅρος
1431 522 1700 571 ἀκριτόφυλλον

709 592 923 642 Μαιάνδρου
947 605 988 630 τε
1013 591 1098 643 ῥοὰς
1122 593 1297 640 Μυκάλης
1321 589 1352 630 τ’
1375 591 1525 628 αἰπεινὰ
1546 592 1708 641 κάρηνω

798 663 869 697 τῶν
892 663 963 706 μὲν
985 660 1044 711 ἄρ’
1062 661 1302 708 Ἀμφίμαχος
1326 666 1388 698 καὶ
1414 663 1566 708 Νάστης
1590 661 1830 708 ἡγησάσθην,

707 731 858 777 Νάστης
878 732 1113 778 Ἀμφίμακός
1137 745 1197 775 τε,
1221 735 1411 777 Νομίονος
1433 732 1553 778 axau&
1573 736 1701 774 τέκνα,

706 802 747 844 ὃς
773 805 835 837 καὶ
861 803 1000 851 χρυσὸν
1024 800 1122 845 ἔχων
1145 801 1337 847 πόλεμόνδ’
1358 802 1431 842 ἴεν,
1455 801 1539 846 ἠύτε
1563 803 1699 849 κούρη·

798 874 945 915 νήπιος,
970 872 1053 907 οὐδέ
1078 875 1112 907 τί
1137 876 1176 908 οἱ
1198 872 1269 917 τόγ’
1292 874 1474 919 ἐπήρκεσε
1498 872 1631 918 λυγρὸν
1655 869 1833 919 ὄλεθρον,

703 940 777 975 ἀλλ’
800 940 922 987 ἐδάμη
947 941 1018 977 ὑπὸ
1039 946 1149 991 χερσὶ
1175 942 1364 985 ποδώκεος
1389 942 1571 978 Αἰακίδαο

704 1011 744 1044 ἐν
769 1012 945 1058 ποταμῷ,
970 1011 1114 1062 χρυσὸν
1138 1011 1168 1047 δ’
1189 1011 1343 1055 Ἀχιλεὺς
1367 1012 1551 1058 ἐκόμισσε
1574 1011 1769 1058 δαΐφρων.]

726 1081 968 1138 Σαρπηδὼν
996 1080 1033 1126 δ’
1062 1076 1188 1139 ἦρχεν
1217 1084 1388 1126 Λυκίων
1416 1084 1485 1126 καὶ
1516 1085 1709 1133 Παῦκος
1737 1081 1918 1138 ἀμύμων

608 1155 789 1212 τηλόθεν
820 1158 864 1200 ἐκ
895 1161 1071 1213 Λυκίης,
1102 1157 1282 1207 Ξάνθου
1312 1158 1395 1202 άπο
1425 1158 1650 1214 δινήεντος.

495 1235 784 1289 lnterpolator‚
818 1249 914 1277 cum
944 1235 992 1277 ad
1024 1236 1263 1290 exemplum
1285 1234 1452 1279 Boeotii
1482 1240 1650 1291 poetae.
1684 1236 1807 1290 cujus
1838 1236 2071 1289 catalogum
2103 1235 2264 1284 eadem,

379 1323 458 1364 qua
482 1323 591 1353 nunc
611 1309 805 1366 legimus,
837 1309 968 1353 forma
990 1309 1135 1365 legisse
1156 1309 1341 1358 videtur,
1376 1308 1584 1366 Trojanos
1606 1316 1837 1365 eorumque
1857 1310 1993 1353 socios
2023 1323 2268 1353 enumerare

377 1392 561 1440 pararet,
604 1386 647 1427 in
687 1386 924 1429 universum
967 1386 1220 1430 tritissimum
1257 1387 1358 1430 illud
1403 1389 1541 1441 Τρῶες
1576 1388 1645 1431 καὶ
1684 1385 1906 1441 Δάρδανοι
1945 1385 2012 1441 ἡδ’
2054 1386 2268 1441 ἐπίκουροι

377 1460 664 1503 illustrandum
695 1461 771 1503 sibi
802 1462 973 1517 sumpsit
1003 1466 1077 1510 ita,
1121 1470 1167 1504 ut
1197 1463 1288 1505 illos
1320 1463 1515 1510 Hectori.
1549 1463 1624 1505 hos
1657 1463 1825 1505 Aeneae
1854 1463 2105 1517 adsignant,
2147 1464 2268 1506 sociis

379 1550 479 1577 vero
511 1533 550 1577 K
581 1539 802 1579 &28-431

606 1610 713 1666 πρὸς
741 1611 818 1667 μὲν
848 1609 949 1663 ἆλός
980 1614 1119 1668 Κᾶρες
1148 1613 1219 1657 καὶ
1251 1614 1477 1663 Παίονες
1506 1611 1777 1667 ἀγκυλότοξοι

607 1687 674 1728 καὶ
706 1685 878 1742 Λέλεγες
907 1688 976 1731 καὶ
1007 1686 1283 1739 Καύκωνες
1311 1689 1396 1732 δῖοί
1423 1704 1467 1732 τε
1499 1689 1779 1743 Πελασγοί,

607 1761 714 1816 πρὸς
747 1761 948 1818 Θύμβρης
977 1761 1015 1806 δ’
1047 1763 1196 1819 ἔλαχον
1226 1762 1419 1807 Λύκιοι
1448 1765 1623 1807 Μυσοί
1650 1761 1685 1806 τ’
1715 1761 1914 1818 ἀγέρωχοι

606 1839 674 1881 καὶ
709 1837 904 1892 Φρύγες
933 1838 1161 1894 ἱππόμαχοι
1189 1840 1259 1883 καὶ
1287 1838 1493 1896 Μῄονες
1523 1840 1825 1893 ἱπποκορυσταί

376 1915 625 1957 enumeratis
656 1914 783 1959 duces
813 1914 1059 1972 praeficeret
1088 1916 1177 1959 aliis
1208 1930 1261 1959 ex
1292 1914 1430 1959 Iliadis
1460 1915 1560 1959 locis
1592 1914 1843 1971 desumptos.

490 1987 628 2045 Hujus
670 1991 980 2046 interpolatoris
1019 1990 1176 2034 fabrica
1216 2006 1266 2034 eo
1305 2005 1350 2034 se
1386 1990 1551 2047 prodit,
1597 1989 1709 2046 quod
1752 1991 1939 2045 exceptis
1981 1988 2175 2046 Trojanis
2223 1999 2262 2031 et

378 2064 592 2107 Dardaniis
624 2073 764 2108 ternos
796 2080 942 2108 versus
973 2065 1217 2109 habentibus
1250 2074 1411 2109 ceteros
1442 2079 1586 2109 omnes
1616 2065 1722 2108 binis
1750 2072 1906 2109 tautum
1931 2065 2117 2108 versibus
2140 2079 2256 2107 enar-

373 2142 497 2190 ravit;
544 2141 657 2198 quod
697 2150 839 2199 gentes
881 2150 1062 2193 tantum.
1105 2157 1189 2188 non
1229 2143 1354 2188 urbes
1396 2143 1621 2187 nominavit
1668 2168 1715 2175 ——
1759 2141 1995 2186 observavit
2027 2141 2106 2184 hoc
2136 2142 2255 2184 etiam

371 2218 497 2261 schol.
535 2216 606 2260 BC
638 2218 689 2261 ad
720 2234 758 2262 v.
785 2222 889 2262 816:
923 2216 977 2263 δι’
1009 2218 1148 2263 ἐθνῶν
1178 2218 1240 2266 δέ.
1272 2216 1324 2262 οὐ
1353 2216 1535 2271 πόλεων,
1566 2216 1760 2274 ὀνομάζει
1788 2217 1889 2268 τοὺς
1918 2216 2159 2273 βαρβάρους
2182 2233 2257 2264 -;

372 2295 484 2349 quod
516 2295 604 2337 fere
635 2296 771 2337 omnia
802 2302 872 2338 aut
904 2310 957 2338 ex
988 2296 1083 2344 illis,
1115 2295 1264 2352 quibus
1289 2309 1389 2338 usus
1416 2302 1494 2342 est,
1532 2295 1663 2337 iliadis
1688 2295 1809 2345 locis,
1840 2301 1910 2337 aut
1936 2308 1986 2336 ex
2012 2295 2100 2349 ipsa
2122 2292 2258 2335 Boeo-

371 2371 423 2411 tia
452 2371 761 2426 conglutinavit.
826 2370 929 2414 Vide
960 2371 1104 2414 modo:

485 2444 533 2486 V.
567 2449 683 2487 816:
723 2446 857 2500 Τρωσὶ
887 2444 965 2500 μέν
996 2446 1046 2489 ad
1078 2460 1114 2488 v.
1139 2449 1222 2489 atet
1252 2445 1598 2495 accommodavit;
1628 2441 1851 2499 ἡγεμόνευε
1882 2458 1934 2487 ex
1952 2450 2002 2485 ‘v.
2025 2447 2123 2486 527.
2156 2447 2251 2485 540.

370 2524 469 2564 552.
501 2523 599 2563 563.
632 2523 714 2563 627
746 2523 936 2579 sumpsit;
967 2520 1094 2577 μέγας
1123 2525 1273 2575 κορυθ.
1298 2519 1460 2574 ‘mmo
1490 2521 1652 2578 saepius
1676 2545 1727 2552 —
1750 2534 1786 2563 v.
1809 2523 1907 2564 817
1938 2532 1982 2551 =
2013 2523 2108 2562 577.
2137 2545 2186 2550 -—
2211 2534 2250 2560 v.

369 2601 423 2639 8¹
443 2599 489 2639 8:
521 2597 614 2638 λαοὶ
636 2611 687 2639 ex
710 2611 747 2639 v.
773 2601 875 2647 578;
908 2595 1183 2652 θωρήσσοντο
1202 2599 1388 2655 saepius3
1419 2596 1620 2651 μεμαότες
1639 2595 1816 2652 ἐγχείῃσι
1838 2598 1976 2652 inepte
1996 2597 2252 2638 decurtatum

368 2689 420 2716 ex
453 2686 493 2715 v.
519 2675 602 2716 5123
631 2687 689 2731 sq.
721 2681 762 2717 et
791 2673 924 2717 forma
954 2674 1238 2724 insolentiore,
1271 2690 1378 2734 quae
1398 2673 1440 2719 N
1467 2678 1557 2718 197.
1592 2677 1641 2717 11
1664 2677 1748 2718 754
1778 2680 1994 2731 praeterea
2025 2673 2252 2720 invenitur,

366 2759 406 2792 et
445 2749 631 2792 inaudito
662 2750 799 2793 dativo
834 2777 881 2782 —
917 2765 953 2792 v.
988 2754 1110 2794 819:
1153 2753 1406 2805 Δαρδανίων
1435 2752 1512 2795 sibi
1543 2752 1660 2795 finxit
1690 2752 1809 2795 metri
1840 2752 1987 2808 gratia,
2034 2759 2078 2793 ut
2108 2750 2249 2792 similis

597 2974 631 3007 οἳ
654 2975 713 3007 καὶ
741 2973 893 3017 Μῄονας
917 2968 1002 3017 ἦγον
1026 2972 1097 3008 ὑπὸ
1127 2973 1260 3018 Τμώλῳ
1285 2975 1461 3017 γεγαῶτας
