2578 3714
1173 133 1226 138 s-
1306 107 1363 152 31
1445 134 1503 139 —

395 239 782 295 Asteropaeum,
814 246 860 282 ut
891 240 1084 289 vidimus,
1114 241 1182 283 alii
1212 240 1541 297 desumpserunt.
1581 239 1668 284 Sed
1698 252 1778 296 pro
1808 238 2065 288 Chromio,
2096 242 2162 284 cui
2195 242 2273 283 hoc

397 329 547 358 nomen
590 316 711 358 etiam
742 318 782 357 P
814 318 910 358 1094.
942 318 1027 359 534
1063 317 1237 366 inditur,
1285 315 1522 360 Chromin
1552 315 1784 363 substituit,
1821 313 1936 371 quod
1966 301 2088 358 etia'm
2117 317 2270 359 scholia

395 396 665 444 notaverunt,
697 390 818 434 metri
848 390 1090 435 necessitate
1119 396 1301 437 coactus.
1346 388 1453 436 Tum
1484 405 1523 435 v.
1558 394 1642 437 859
1671 389 1874 435 sententia
1903 403 1959 433 ex
1988 403 2027 432 v.
2058 390 2142 433 873
2177 388 2274 434 οὐδὲ

393 467 432 505 τί
456 467 499 506 οἱ
516 459 600 520 τόγ’
622 465 817 522 ἐπήρκεσε
837 465 994 522 λυγρὸν
1013 465 1196 523 ὄλεθρον
1213 468 1442 526 imitatione
1461 468 1677 524 profluxit,
1707 465 1780 509 sed
1801 466 2015 508 οἰωνοῖσιν
2035 479 2089 507 ex
2110 464 2157 507 Μ
2178 469 2273 513 237,

394 540 597 594 ἐρύσσατο
626 545 734 597 κῆρα
762 541 964 597 μέλαιναν
993 558 1045 586 ex
1075 544 1199 587 variis
1228 543 1440 601 Odysseae
1468 544 1586 596 locis,
1627 549 1677 586 ut
1704 558 1730 597 χ
1759 546 1856 585 330.
1890 546 1994 590 363,
2027 542 2274 598 desumpsit.

393 618 447 659 ita
479 626 632 669 tamen,
678 625 723 660 ut
754 618 858 660 male
888 632 1033 661 rursus
1062 619 1150 662 aliis
1180 632 1235 661 ex
1264 619 1382 667 locis,
1423 619 1547 663 veluti
1576 634 1602 674 χ
1630 621 1734 667 372,
1777 614 1984 672 ἐρύσσατο
2013 617 2274 673 surripuerit.

396 692 477 744 Qui
507 700 741 748 sequuntur
770 693 854 735 duo
885 707 1027 735 versus
1057 696 1141 736 860
1171 700 1214 737 et
1241 696 1321 737 861
1354 693 1442 751 jam
1471 694 1512 736 in
1540 693 1824 751 suspicionem
1856 693 1992 734 vocati
2013 692 2065 735 ab
2090 691 2274 735 Alexan-

392 767 518 809 drinis
549 775 790 822 propterea,
835 769 946 824 quod
976 767 1154 812 Ennomi
1183 755 1227 812 in
1254 768 1442 812 fluviatili
1472 782 1609 825 pugna
1638 768 1768 811 occisi
1798 767 1908 810 nulla
1938 767 1983 810 fit
2013 769 2056 810 in
2089 770 2130 808 Φ
2159 782 2271 809 meu-

393 844 469 891 tio‚
504 843 749 886 novissimus
777 844 1047 899 interpolator
1076 844 1231 888 addidit
1260 860 1314 888 ex
1346 860 1384 888 v.
1418 847 1506 888 874
1532 859 1612 901 sq..
1643 852 1690 888 ut
1719 844 1839 900 plena
1870 852 1979 887 esset
2008 844 2201 893 imitatio,
2235 843 2274 885 in

392 906 628 962 subsidium‘
651 919 771 963 etiam
801 926 949 963 vocato
982 921 1024 962 Φ
1057 922 1137 963 129
1166 933 1229 977 sq.

678 990 794 1050 ὑμεῖς
821 993 898 1050 μὲν
927 991 1172 1051 φεύγοντες,
1205 993 1285 1051 ἐγώ
1314 994 1352 1040 δ’
1381 993 1532 1040 ὄπιθεν
1559 996 1830 1048 κεραΐζων·

678 1068 767 1112 οὐδ’
796 1067 898 1125 ὑμῖν
926 1069 1163 1126 ποταμός
1189 1085 1268 1126 περ
1298 1068 1473 1126 ἐΰρροος
1501 1068 1779 1127 ἀργυροδίνης

678 1144 851 1199 ἀρκέσει.

509 1221 555 1262 V.
585 1225 668 1263 862
689 1236 749 1278 sq.
798 1223 1076 1272 Ascanium,
1108 1235 1231 1279 quem
1262 1222 1472 1279 Phorcyi
1500 1222 1624 1263 etiam
1647 1223 1687 1261 P
1707 1224 1792 1262 312
1813 1230 2041 1264 memorato
2061 1222 2268 1277 adjunxit,

393 1310 444 1337 ex
477 1294 519 1338 N
551 1300 636 1339 ’192
666 1311 725 1353 sq.
757 1298 877 1340 simul
910 1312 1003 1341 cum
1033 1298 1104 1340 illo
1133 1295 1176 1348 ἐξ
1210 1293 1426 1351 Ἀσκανίης
1453 1295 1699 1352 desumpsit;
1743 1293 1935 1350 θεοειδής
1963 1298 2197 1353 saepissime
2228 1297 2268 1339 in

393 1384 538 1414 versus
569 1372 667 1414 fine:
707 1381 871 1428 praeter
905 1388 940 1415 v.
973 1376 1056 1415 623
1088 1373 1209 1415 etiam
1238 1386 1314 1428 per
1344 1374 1384 1413 P
1405 1374 1496 1415 494
1524 1372 1755 1426 Χρομίος
1782 1386 1826 1413 τε
1857 1372 1928 1413 καὶ
1948 1370 2125 1425 ’Ἁρητος
2153 1377 2196 1413 θ.
2230 1382 2268 1414 et

392 1452 476 1490 534
507 1450 739 1501 Χρομίος
780 1453 823 1491 θ.
865 1449 1033 1504 epitheti
1063 1448 1263 1491 memoria
1291 1448 1528 1490 resuscitari
1564 1455 1751 1503 poterat;
1792 1445 1987 1500 μέμασαν
2024 1446 2069 1489 δὲ
2107 1449 2177 1489 καὶ
2217 1441 2272 1496 ὥς

392 1518 534 1576 ὑσμῖνι
562 1522 770 1579 μάχεσθαι
802 1527 838 1567 Θ
867 1527 923 1567 56
954 1523 1114 1578 iegitur.

506 1599 553 1642 V.
586 1603 670 1643 864
700 1615 761 1657 sq.
822 1598 1069 1643 Maeonibus
1098 1600 1201 1642 alter
1229 1599 1315 1642 dux
1355 1623 1405 1632 —
1444 1614 1487 1642 τε
1514 1599 1583 1642 καὶ
1616 1597 1817 1654 ’Ἄντιφος
1852 1596 2101 1654 ἡγησάσθην
2128 1617 2184 1629 ’-
2219 1614 2271 1641 ex

393 1691 430 1717 v.
456 1679 540 1719 678
561 1677 752 1725 accessit,
783 1676 903 1718 simili
931 1675 1070 1733 plagio
1100 1674 1206 1732 qius,
1237 1674 1349 1733 quod
1381 1689 1419 1717 v.
1447 1678 1528 1718 856
1559 1675 1920 1732 deprehendimus.
1971 1675 2163 1718 Alterum
2184 1689 2270 1717 ver-

391 1767 480 1795 sum
511 1754 644 1808 prior,
677 1753 842 1794 tertium
873 1752 1080 1807 posterior
1108 1752 1378 1808 interpolator
1408 1765 1462 1793 ex
1497 1755 1534 1792 Y
1557 1754 1643 1794 384
1673 1765 1756 1807 sq„
1788 1751 1860 1793 uhi
1891 1752 1942 1793 de
1971 1752 2177 1806 Iphitione

677 1826 728 1871 ὃν
757 1826 903 1882 νύμφη
931 1824 1020 1869 τέκε
1047 1825 1141 1881 νηὶς
1165 1823 1380 1882 Ὀτρυντῆι
1410 1823 1683 1885 πτολιπόρθῳ

681 1901 863 1961 Τμώλῳ
892 1901 921 1945 ὕ
928 1917 991 1945 πο
1020 1900 1226 1957 νιφόεντι,
1261 1900 1391 1957 Ὕδης
1419 1901 1466 1944 ἐν
1493 1902 1608 1944 πίονι
1636 1900 1776 1961 δήμῳ,

391 1983 463 2038 qui
482 1981 699 2037 posterior
714 1993 855 2022 versus
877 1979 998 2021 etiam
1024 1979 1120 2021 huic
1148 1979 1241 2021 loco
1261 1985 1355 2035 post
1378 1992 1414 2020 v,
1436 1981 1518 2021 866
1539 1978 1762 2035 adjunctus
1784 1987 1845 2020 est
1867 1978 2037 2020 testibus
2061 1978 2266 2021 Strabone

392 2058 515 2106 an,
547 2056 592 2105 4,
624 2060 650 2098 6
683 2059 737 2113 (p.
759 2055 857 2111 626)
890 2063 932 2098 et
952 2054 1164 2098 Eustathio
1183 2055 1235 2097 ad
1255 2055 1295 2097 h.
1317 2056 1358 2103 l.,
1391 2062 1432 2097 et
1459 2058 1496 2095 Y
1515 2057 1598 2096 390
1625 2068 1687 2111 sq.
1720 2054 2029 2097 confinxerunt:
2067 2079 2113 2085 -
2149 2053 2269 2107 γενεὴ

390 2132 436 2175 δέ
467 2134 532 2175 τοί
562 2129 640 2175 ἐστ’
673 2130 737 2174 ἐπὶ
767 2132 917 2187 λίμνῃ
950 2130 1173 2186 Γυγαίῃ,
1204 2143 1326 2187 quem
1356 2130 1536 2173 dativum
1567 2130 1637 2172 alii
1668 2130 1764 2172 huic
1795 2130 1872 2185 ipsi
1903 2129 1997 2171 loco
2028 2130 2270 2178 intulerunt,

391 2210 461 2265 qui
484 2207 701 2251 Eustathio
724 2215 895 2249 auctore
918 2205 1117 2262 putabant
1149 2205 1288 2260 στίχον
1309 2203 1541 2247 λελοιπέναι
1569 2203 1646 2246 τὸν
1675 2205 1930 2257 σημαίνοντα
1960 2203 2009 2246 τὸ
2040 2203 2175 2258 ὄνομα
2197 2208 2271 2258 τῆς

390 2282 545 2338 μητρὸς
572 2286 656 2325 τῶν
685 2280 902 2337 ῥηθέντων
929 2283 1186 2336 στρατηγῶν·
1217 2282 1390 2335 ληροῦσι
1407 2279 1477 2330 δέ,
1508 2281 1656 2334 φασίν·
1686 2276 1740 2322 οὐ
1767 2277 1849 2333 γὰρ
1879 2278 2049 2333 εὕρηται
2079 2284 2272 2330 τοιοῦτος

391 2361 528 2414 στίχος
553 2356 758 2412 οὐδαμοῦ,
807 2355 903 2401 Hoc
933 2356 1098 2413 quidem
1128 2356 1223 2401 inde
1252 2362 1419 2413 apparet
1450 2356 1571 2399 etiam
1601 2355 1902 2412 posterioribus
1935 2356 2191 2412 temporibus
2213 2358 2272 2400 fa-

391 2450 497 2478 mam
540 2435 592 2478 de
628 2433 784 2477 misella
822 2433 970 2477 horum
1009 2432 1361 2476 consarcinatione
1401 2446 1485 2475 non
1523 2445 1694 2488 prorsus
1732 2431 1774 2473 in
1813 2430 2066 2475 oblivionem
2107 2433 2268 2476 abiisse.

390 2510 545 2555 Vellem
590 2510 718 2568 igitur
763 2509 897 2552 virum
938 2508 1127 2561 doctum,
1175 2509 1246 2566 qui
1289 2507 1589 2552 Schneidewini
1632 2505 1845 2565 philologo
1892 2506 2174 2552 doctissimam
2221 2511 2272 2553 de

391 2587 560 2646 Gygaea
589 2586 738 2643 palude
768 2584 1097 2628 dissertationem
1127 2584 1319 2637 inseruit,
1351 2590 1496 2627 nostro
1524 2584 1618 2627 loco
1649 2596 1731 2627 non
1756 2591 1914 2627 tantum
1941 2584 2156 2629 tribuisset
2175 2600 2271 2629 auc-

389 2663 576 2706 toritatis.
638 2661 722 2705 Sed
751 2661 872 2703 facile
903 2660 1025 2702 etiam
1054 2659 1280 2708 VVolliana,
1322 2673 1446 2717 quam
1478 2658 1718 2717 Spitznerus
1749 2661 1930 2717 recepit,
1980 2662 2270 2704 emendatione

389 2737 623 2781 carebimus
654 2736 792 2792 Λίμνη
823 2736 938 2779 litera
968 2735 1195 2794 majuscula
1225 2733 1454 2778 scribentis.
1509 2732 1600 2778 Nec
1629 2736 1818 2792 recipere
1849 2735 2058 2780 dehebant
2083 2737 2269 2782 editores

393 2810 703 2869 Ταλαιμένεος
732 2826 810 2871 pro
841 2826 892 2855 eo
908 2845 919 2861 ,
951 2810 1064 2869 quod
1094 2812 1137 2854 in
1166 2810 1354 2869 plurimis
1383 2809 1498 2854 libris
1527 2811 1724 2854 scribitur
1756 2811 2109 2869 Πυλαιμένεος,
2158 2814 2270 2871 quod

388 2904 541 2932 nomen
578 2892 699 2932 etiam
737 2904 775 2929 v.
808 2892 887 2930 851
935 2888 1105 2929 meliore
1142 2887 1237 2943 jure
1277 2888 1427 2928 lectum
1459 2901 1511 2928 ex
1548 2885 1590 2928 N
1632 2889 1716 2929 643
1756 2888 1982 2944 adsumpsit
2023 2892 2268 2932 novissimus
