<?xml version="1.0" encoding="UTF-8"?>
<!DOCTYPE html PUBLIC "-//W3C//DTD XHTML 1.0 Transitional//EN"
    "http://www.w3.org/TR/xhtml1/DTD/xhtml1-transitional.dtd">
<html xmlns="http://www.w3.org/1999/xhtml" xml:lang="en" lang="en">
 <head>
  <title>
</title>
<meta http-equiv="Content-Type" content="text/html;charset=utf-8" />
  <meta name='ocr-system' content='tesseract 3.04.00' />
  <meta name='ocr-capabilities' content='ocr_page ocr_carea ocr_par ocr_line ocrx_word'/>
</head>
<body>
  <div class='ocr_page' id='page_1' title='image "./4771401_0021.png"; bbox 0 0 2578 3714; ppageno 0'>
   <div class='ocr_carea' id='block_1_1' title="bbox 679 194 1424 259">
    <p class='ocr_par' dir='ltr' id='par_1_1' title="bbox 679 194 1424 259">
     <span class='ocr_line' id='line_1_1' title="bbox 679 194 1424 259; baseline 0.001 -16"><span class='ocrx_word' id='word_1_1' title='bbox 679 194 707 252; x_wconf 53' lang='grc' dir='ltr'><strong><em>ἐ</em></strong></span> <span class='ocrx_word' id='word_1_2' title='bbox 938 241 943 259; x_wconf 67' lang='lat'><em>,</em></span> <span class='ocrx_word' id='word_1_3' title='bbox 1093 198 1424 244; x_wconf 38' lang='lat'>¹*15—</span> 
     </span>
    </p>
   </div>
   <div class='ocr_carea' id='block_1_2' title="bbox 298 329 2225 3045">
    <p class='ocr_par' dir='ltr' id='par_1_2' title="bbox 306 329 2213 1437">
     <span class='ocr_line' id='line_1_2' title="bbox 312 329 2195 390; baseline 0.002 -18"><span class='ocrx_word' id='word_1_4' title='bbox 312 331 443 387; x_wconf 82' lang='lat' dir='ltr'>gentis</span> <span class='ocrx_word' id='word_1_5' title='bbox 475 330 649 389; x_wconf 82' lang='lat' dir='ltr'>alicujus</span> <span class='ocrx_word' id='word_1_6' title='bbox 679 332 766 374; x_wconf 87' lang='lat' dir='ltr'>sive</span> <span class='ocrx_word' id='word_1_7' title='bbox 797 338 933 375; x_wconf 82' lang='lat' dir='ltr'>terrae</span> <span class='ocrx_word' id='word_1_8' title='bbox 962 331 1104 376; x_wconf 81' lang='lat' dir='ltr'>laudes</span> <span class='ocrx_word' id='word_1_9' title='bbox 1135 332 1411 378; x_wconf 85' lang='lat' dir='ltr'>celebrentur.</span> <span class='ocrx_word' id='word_1_10' title='bbox 1477 330 1577 375; x_wconf 82' lang='lat' dir='ltr'>Huc</span> <span class='ocrx_word' id='word_1_11' title='bbox 1614 329 1825 389; x_wconf 43' lang='lat' dir='ltr'>refudi</span> <span class='ocrx_word' id='word_1_12' title='bbox 1864 340 1961 375; x_wconf 85' lang='lat' dir='ltr'>sunt</span> <span class='ocrx_word' id='word_1_13' title='bbox 1998 333 2195 390; x_wconf 80' lang='lat' dir='ltr'>imprimis</span> 
     </span>
     <span class='ocr_line' id='line_1_3' title="bbox 314 395 2195 468; baseline 0.002 -21"><span class='ocrx_word' id='word_1_14' title='bbox 314 422 349 447; x_wconf 88' lang='lat' dir='ltr'>v.</span> <span class='ocrx_word' id='word_1_15' title='bbox 383 408 624 449; x_wconf 72' lang='lat'>549—551.</span> <span class='ocrx_word' id='word_1_16' title='bbox 657 410 902 456; x_wconf 83' lang='lat'>553—555,</span> <span class='ocrx_word' id='word_1_17' title='bbox 935 408 1086 465; x_wconf 86' lang='lat' dir='ltr'>quibus</span> <span class='ocrx_word' id='word_1_18' title='bbox 1115 407 1294 453; x_wconf 80' lang='lat' dir='ltr'>dubitari</span> <span class='ocrx_word' id='word_1_19' title='bbox 1325 409 1469 464; x_wconf 89' lang='lat' dir='ltr'>nequit</span> <span class='ocrx_word' id='word_1_20' title='bbox 1498 406 1600 465; x_wconf 84' lang='lat' dir='ltr'>quin</span> <span class='ocrx_word' id='word_1_21' title='bbox 1628 395 1869 468; x_wconf 44' lang='lat' dir='ltr'>Atfflrnm</span> <span class='ocrx_word' id='word_1_22' title='bbox 1895 406 2195 463; x_wconf 69' lang='lat' dir='ltr'>rhapsodorum</span> 
     </span>
     <span class='ocr_line' id='line_1_4' title="bbox 311 467 2193 545; baseline 0.001 -20"><span class='ocrx_word' id='word_1_23' title='bbox 311 483 439 539; x_wconf 89' lang='lat' dir='ltr'>pietas</span> <span class='ocrx_word' id='word_1_24' title='bbox 469 485 642 539; x_wconf 88' lang='lat' dir='ltr'>patriam</span> <span class='ocrx_word' id='word_1_25' title='bbox 681 498 886 528; x_wconf 84' lang='lat' dir='ltr'>exornare</span> <span class='ocrx_word' id='word_1_26' title='bbox 922 484 1168 529; x_wconf 47' lang='lat' dir='ltr'>studuerits</span> <span class='ocrx_word' id='word_1_27' title='bbox 1200 484 1253 530; x_wconf 87' lang='lat' dir='ltr'>Et</span> <span class='ocrx_word' id='word_1_28' title='bbox 1291 491 1407 528; x_wconf 89' lang='lat' dir='ltr'>recte</span> <span class='ocrx_word' id='word_1_29' title='bbox 1444 484 1525 529; x_wconf 91' lang='lat' dir='ltr'>hoc</span> <span class='ocrx_word' id='word_1_30' title='bbox 1560 467 1892 545; x_wconf 54' lang='grc' dir='ltr'><strong><em>ᾗιιιζᾶοιῑειίῑ</em></strong></span> <span class='ocrx_word' id='word_1_31' title='bbox 1931 481 2193 533; x_wconf 86' lang='lat' dir='ltr'>Zenodotus;</span> 
     </span>
     <span class='ocr_line' id='line_1_5' title="bbox 313 552 2199 617; baseline 0.001 -17"><span class='ocrx_word' id='word_1_32' title='bbox 313 559 393 601; x_wconf 86' lang='lat' dir='ltr'>vid.</span> <span class='ocrx_word' id='word_1_33' title='bbox 436 559 563 604; x_wconf 85' lang='lat' dir='ltr'>schol.</span> <span class='ocrx_word' id='word_1_34' title='bbox 594 562 631 604; x_wconf 77' lang='lat' dir='ltr'>A</span> <span class='ocrx_word' id='word_1_35' title='bbox 662 560 714 603; x_wconf 89' lang='lat' dir='ltr'>ad</span> <span class='ocrx_word' id='word_1_36' title='bbox 754 564 860 604; x_wconf 87' lang='lat'>553:</span> <span class='ocrx_word' id='word_1_37' title='bbox 905 557 963 617; x_wconf 83' lang='grc' dir='ltr'>»ἡ</span> <span class='ocrx_word' id='word_1_38' title='bbox 1000 562 1125 617; x_wconf 78' lang='grc' dir='ltr'><strong><em>διπλῆ</em></strong></span> <span class='ocrx_word' id='word_1_39' title='bbox 1158 557 1491 617; x_wconf 78' lang='grc' dir='ltr'><strong><em>περιεστιγμένη,</em></strong></span> <span class='ocrx_word' id='word_1_40' title='bbox 1534 557 1602 604; x_wconf 77' lang='grc' dir='ltr'>ὅτι</span> <span class='ocrx_word' id='word_1_41' title='bbox 1626 552 1881 615; x_wconf 51' lang='grc' dir='ltr'><strong><em>ῑΖηνόδοτος</em></strong></span> <span class='ocrx_word' id='word_1_42' title='bbox 1921 557 2005 602; x_wconf 75' lang='grc' dir='ltr'>ἀπὸ</span> <span class='ocrx_word' id='word_1_43' title='bbox 2044 556 2199 602; x_wconf 85' lang='grc' dir='ltr'><strong><em>τούτου</em></strong></span> 
     </span>
     <span class='ocr_line' id='line_1_6' title="bbox 310 632 2194 708; baseline 0.001 -33"><span class='ocrx_word' id='word_1_44' title='bbox 310 639 418 687; x_wconf 81' lang='grc' dir='ltr'><strong><em>τρεῖς</em></strong></span> <span class='ocrx_word' id='word_1_45' title='bbox 451 635 616 690; x_wconf 84' lang='grc' dir='ltr'><strong><em>στίχους</em></strong></span> <span class='ocrx_word' id='word_1_46' title='bbox 643 632 868 708; x_wconf 60' lang='grc' dir='ltr'><strong><em>τίθέτηκεν,</em></strong></span> <span class='ocrx_word' id='word_1_47' title='bbox 915 633 1024 680; x_wconf 83' lang='grc' dir='ltr'><strong><em>διότι</em></strong></span> <span class='ocrx_word' id='word_1_48' title='bbox 1053 635 1126 692; x_wconf 90' lang='lat' dir='ltr'>(sic</span> <span class='ocrx_word' id='word_1_49' title='bbox 1152 634 1374 681; x_wconf 84' lang='lat' dir='ltr'>Bekkerus</span> <span class='ocrx_word' id='word_1_50' title='bbox 1403 649 1481 693; x_wconf 87' lang='lat' dir='ltr'>pro</span> <span class='ocrx_word' id='word_1_51' title='bbox 1519 634 1692 694; x_wconf 64' lang='lat' dir='ltr'>vulgato</span> <span class='ocrx_word' id='word_1_52' title='bbox 1728 633 1887 692; x_wconf 69' lang='grc' dir='ltr'><strong><em>μήποτε</em></strong></span> <span class='ocrx_word' id='word_1_53' title='bbox 1917 633 1962 678; x_wconf 80' lang='grc' dir='ltr'>δὲ</span> <span class='ocrx_word' id='word_1_54' title='bbox 1999 633 2194 692; x_wconf 84' lang='lat' dir='ltr'>conjecit)</span> 
     </span>
     <span class='ocr_line' id='line_1_7' title="bbox 309 706 2196 768; baseline 0 -17"><span class='ocrx_word' id='word_1_55' title='bbox 309 709 379 752; x_wconf 79' lang='grc' dir='ltr'>διὰ</span> <span class='ocrx_word' id='word_1_56' title='bbox 417 714 501 753; x_wconf 78' lang='grc' dir='ltr'>τῶν</span> <span class='ocrx_word' id='word_1_57' title='bbox 541 711 607 754; x_wconf 82' lang='grc' dir='ltr'>ἐπὶ</span> <span class='ocrx_word' id='word_1_58' title='bbox 647 710 802 765; x_wconf 77' lang='grc' dir='ltr'><em>μέρους</em></span> <span class='ocrx_word' id='word_1_59' title='bbox 835 710 1034 755; x_wconf 79' lang='grc' dir='ltr'><strong><em>οὐδέποτε</em></strong></span> <span class='ocrx_word' id='word_1_60' title='bbox 1071 710 1204 756; x_wconf 81' lang='grc' dir='ltr'><strong><em>αὐτὸν</em></strong></span> <span class='ocrx_word' id='word_1_61' title='bbox 1240 710 1518 755; x_wconf 74' lang='grc' dir='ltr'><strong><em>διατάσσοντα</em></strong></span> <span class='ocrx_word' id='word_1_62' title='bbox 1556 707 1833 766; x_wconf 65' lang='grc' dir='ltr'><strong><em>συνέστησεν,</em></strong></span> <span class='ocrx_word' id='word_1_63' title='bbox 1877 713 1944 754; x_wconf 90' lang='lat' dir='ltr'>cui</span> <span class='ocrx_word' id='word_1_64' title='bbox 1984 706 2090 768; x_wconf 84' lang='lat' dir='ltr'>quae</span> <span class='ocrx_word' id='word_1_65' title='bbox 2129 712 2196 752; x_wconf 90' lang='lat' dir='ltr'>alii</span> 
     </span>
     <span class='ocr_line' id='line_1_8' title="bbox 311 783 2193 844; baseline 0.002 -15"><span class='ocrx_word' id='word_1_66' title='bbox 311 787 575 829; x_wconf 78' lang='lat' dir='ltr'>Alexandrini</span> <span class='ocrx_word' id='word_1_67' title='bbox 625 796 933 844; x_wconf 88' lang='lat' dir='ltr'>opposuerunt,</span> <span class='ocrx_word' id='word_1_68' title='bbox 984 789 1168 832; x_wconf 86' lang='lat' dir='ltr'>divinare</span> <span class='ocrx_word' id='word_1_69' title='bbox 1218 803 1435 844; x_wconf 86' lang='lat' dir='ltr'><strong>possemus</strong></span> <span class='ocrx_word' id='word_1_70' title='bbox 1476 804 1499 831; x_wconf 92' lang='lat' dir='ltr'>e</span> <span class='ocrx_word' id='word_1_71' title='bbox 1543 783 1699 831; x_wconf 82' lang='lat' dir='ltr'>criticis</span> <span class='ocrx_word' id='word_1_72' title='bbox 1749 802 1897 830; x_wconf 91' lang='lat' dir='ltr'>eorum</span> <span class='ocrx_word' id='word_1_73' title='bbox 1943 787 2193 833; x_wconf 76' lang='lat' dir='ltr'>rationibus.</span> 
     </span>
     <span class='ocr_line' id='line_1_9' title="bbox 310 860 2196 916; baseline 0.001 -12"><span class='ocrx_word' id='word_1_74' title='bbox 310 863 468 906; x_wconf 88' lang='lat' dir='ltr'>etiamsi</span> <span class='ocrx_word' id='word_1_75' title='bbox 499 877 581 906; x_wconf 91' lang='lat' dir='ltr'>non</span> <span class='ocrx_word' id='word_1_76' title='bbox 622 863 775 907; x_wconf 81' lang='lat' dir='ltr'>diserte</span> <span class='ocrx_word' id='word_1_77' title='bbox 810 872 946 908; x_wconf 90' lang='lat' dir='ltr'>essent</span> <span class='ocrx_word' id='word_1_78' title='bbox 976 865 1136 909; x_wconf 86' lang='lat' dir='ltr'>tradita.</span> <span class='ocrx_word' id='word_1_79' title='bbox 1197 863 1351 909; x_wconf 82' lang='lat' dir='ltr'>Faceta</span> <span class='ocrx_word' id='word_1_80' title='bbox 1394 872 1456 907; x_wconf 87' lang='lat' dir='ltr'>est</span> <span class='ocrx_word' id='word_1_81' title='bbox 1493 863 1736 916; x_wconf 15' lang='lat' dir='ltr'>observatio&gt;</span> <span class='ocrx_word' id='word_1_82' title='bbox 1768 863 1898 908; x_wconf 88' lang='lat' dir='ltr'>schol.</span> <span class='ocrx_word' id='word_1_83' title='bbox 1940 860 2032 905; x_wconf 83' lang='lat' dir='ltr'>BC:</span> <span class='ocrx_word' id='word_1_84' title='bbox 2071 865 2196 906; x_wconf 83' lang='grc' dir='ltr'><strong><em>τοῦτο</em></strong></span> 
     </span>
     <span class='ocr_line' id='line_1_10' title="bbox 307 936 2213 998; baseline 0.001 -19"><span class='ocrx_word' id='word_1_85' title='bbox 307 939 514 992; x_wconf 83' lang='grc' dir='ltr'><strong><em>χαρίζεται</em></strong></span> <span class='ocrx_word' id='word_1_86' title='bbox 542 936 676 996; x_wconf 80' lang='grc' dir='ltr'><strong><em>αὐτῷ,</em></strong></span> <span class='ocrx_word' id='word_1_87' title='bbox 722 938 809 982; x_wconf 79' lang='grc' dir='ltr'><strong><em>ἐπεὶ</em></strong></span> <span class='ocrx_word' id='word_1_88' title='bbox 844 938 901 996; x_wconf 83' lang='grc' dir='ltr'>μὴ</span> <span class='ocrx_word' id='word_1_89' title='bbox 933 937 1195 995; x_wconf 72' lang='grc' dir='ltr'><em>εὐδοκιμήσει</em></span> <span class='ocrx_word' id='word_1_90' title='bbox 1224 939 1271 983; x_wconf 79' lang='grc' dir='ltr'><strong><em>ἐν</em></strong></span> <span class='ocrx_word' id='word_1_91' title='bbox 1299 938 1586 995; x_wconf 57' lang='grc' dir='ltr'><strong><em>ταῖςμάχαις,</em></strong></span> <span class='ocrx_word' id='word_1_92' title='bbox 1629 954 1738 998; x_wconf 78' lang='lat' dir='ltr'>quae</span> <span class='ocrx_word' id='word_1_93' title='bbox 1777 940 1886 983; x_wconf 79' lang='lat' dir='ltr'>haud</span> <span class='ocrx_word' id='word_1_94' title='bbox 1926 940 2015 981; x_wconf 91' lang='lat' dir='ltr'>scio</span> <span class='ocrx_word' id='word_1_95' title='bbox 2052 953 2103 980; x_wconf 84' lang='lat' dir='ltr'>an</span> <span class='ocrx_word' id='word_1_96' title='bbox 2145 938 2213 988; x_wconf 20' lang='lat' dir='ltr'>ad&lt;</span> 
     </span>
     <span class='ocr_line' id='line_1_11' title="bbox 307 1012 2197 1073; baseline 0.001 -18"><span class='ocrx_word' id='word_1_97' title='bbox 307 1014 441 1069; x_wconf 91' lang='lat' dir='ltr'>ipsum</span> <span class='ocrx_word' id='word_1_98' title='bbox 473 1012 737 1058; x_wconf 86' lang='lat' dir='ltr'>Zenodotum</span> <span class='ocrx_word' id='word_1_99' title='bbox 767 1016 819 1058; x_wconf 89' lang='lat' dir='ltr'>sit</span> <span class='ocrx_word' id='word_1_100' title='bbox 849 1015 1090 1065; x_wconf 82' lang='lat' dir='ltr'>referenda.</span> <span class='ocrx_word' id='word_1_101' title='bbox 1122 1030 1204 1073; x_wconf 80' lang='lat' dir='ltr'>qua</span> <span class='ocrx_word' id='word_1_102' title='bbox 1234 1016 1394 1058; x_wconf 86' lang='lat' dir='ltr'>ratione</span> <span class='ocrx_word' id='word_1_103' title='bbox 1423 1014 1697 1072; x_wconf 63' lang='lat' dir='ltr'>interpolator</span> <span class='ocrx_word' id='word_1_104' title='bbox 1725 1029 1828 1059; x_wconf 86' lang='lat' dir='ltr'>usus</span> <span class='ocrx_word' id='word_1_105' title='bbox 1856 1016 1929 1066; x_wconf 84' lang='lat' dir='ltr'>sit,</span> <span class='ocrx_word' id='word_1_106' title='bbox 1961 1015 2197 1058; x_wconf 70' lang='lat' dir='ltr'>accuratius</span> 
     </span>
     <span class='ocr_line' id='line_1_12' title="bbox 307 1072 2196 1148; baseline 0.001 -18"><span class='ocrx_word' id='word_1_107' title='bbox 307 1089 568 1133; x_wconf 84' lang='lat' dir='ltr'>indicantem.</span> <span class='ocrx_word' id='word_1_108' title='bbox 630 1088 757 1133; x_wconf 82' lang='lat' dir='ltr'>Certe</span> <span class='ocrx_word' id='word_1_109' title='bbox 787 1092 919 1148; x_wconf 86' lang='lat' dir='ltr'>prima</span> <span class='ocrx_word' id='word_1_110' title='bbox 949 1091 1195 1135; x_wconf 76' lang='lat' dir='ltr'>laudationis</span> <span class='ocrx_word' id='word_1_111' title='bbox 1224 1104 1324 1134; x_wconf 90' lang='lat' dir='ltr'>suae</span> <span class='ocrx_word' id='word_1_112' title='bbox 1362 1072 1477 1134; x_wconf 74' lang='lat' dir='ltr'>initia</span> <span class='ocrx_word' id='word_1_113' title='bbox 1507 1090 1828 1139; x_wconf 58' lang='lat' dir='ltr'>hommAtticus</span> <span class='ocrx_word' id='word_1_114' title='bbox 1865 1092 1906 1133; x_wconf 90' lang='lat' dir='ltr'>in</span> <span class='ocrx_word' id='word_1_115' title='bbox 1937 1092 2027 1147; x_wconf 89' lang='lat' dir='ltr'>ipsa</span> <span class='ocrx_word' id='word_1_116' title='bbox 2068 1089 2196 1133; x_wconf 81' lang='lat' dir='ltr'>Iliade</span> 
     </span>
     <span class='ocr_line' id='line_1_13' title="bbox 307 1165 2195 1226; baseline 0 -20"><span class='ocrx_word' id='word_1_117' title='bbox 307 1165 615 1222; x_wconf 83' lang='lat' dir='ltr'>deprehendere</span> <span class='ocrx_word' id='word_1_118' title='bbox 646 1165 723 1208; x_wconf 88' lang='lat' dir='ltr'>sibi</span> <span class='ocrx_word' id='word_1_119' title='bbox 755 1165 883 1208; x_wconf 81' lang='lat' dir='ltr'>videri</span> <span class='ocrx_word' id='word_1_120' title='bbox 914 1173 1095 1224; x_wconf 77' lang='lat' dir='ltr'>poterat:</span> <span class='ocrx_word' id='word_1_121' title='bbox 1128 1170 1171 1207; x_wconf 89' lang='lat' dir='ltr'><em>A</em></span> <span class='ocrx_word' id='word_1_122' title='bbox 1191 1168 1276 1208; x_wconf 80' lang='lat'>327</span> <span class='ocrx_word' id='word_1_123' title='bbox 1297 1180 1385 1223; x_wconf 84' lang='lat' dir='ltr'>sqq.</span> <span class='ocrx_word' id='word_1_124' title='bbox 1415 1165 1488 1209; x_wconf 82' lang='lat' dir='ltr'>ubi</span> <span class='ocrx_word' id='word_1_125' title='bbox 1516 1165 1783 1226; x_wconf 70' lang='lat' dir='ltr'>Menestheus</span> <span class='ocrx_word' id='word_1_126' title='bbox 1813 1181 1908 1209; x_wconf 90' lang='lat' dir='ltr'>cnm</span> <span class='ocrx_word' id='word_1_127' title='bbox 1932 1166 2195 1208; x_wconf 88' lang='lat' dir='ltr'>Atheniensi-</span> 
     </span>
     <span class='ocr_line' id='line_1_14' title="bbox 307 1241 2197 1301; baseline 0.001 -18"><span class='ocrx_word' id='word_1_128' title='bbox 307 1241 384 1284; x_wconf 87' lang='lat' dir='ltr'>bus</span> <span class='ocrx_word' id='word_1_129' title='bbox 413 1242 497 1285; x_wconf 90' lang='lat' dir='ltr'>suis</span> <span class='ocrx_word' id='word_1_130' title='bbox 527 1241 579 1284; x_wconf 90' lang='lat' dir='ltr'>ab</span> <span class='ocrx_word' id='word_1_131' title='bbox 602 1241 916 1301; x_wconf 79' lang='lat' dir='ltr'>Agamemnone</span> <span class='ocrx_word' id='word_1_132' title='bbox 947 1243 1164 1290; x_wconf 79' lang='lat' dir='ltr'>lustratur.</span> <span class='ocrx_word' id='word_1_133' title='bbox 1197 1241 1291 1285; x_wconf 86' lang='lat' dir='ltr'>coll.</span> <span class='ocrx_word' id='word_1_134' title='bbox 1323 1255 1417 1284; x_wconf 91' lang='lat' dir='ltr'>cum</span> <span class='ocrx_word' id='word_1_135' title='bbox 1447 1243 1533 1285; x_wconf 68' lang='lat'>29⁴</span> <span class='ocrx_word' id='word_1_136' title='bbox 1554 1249 1651 1300; x_wconf 59' lang='grc' dir='ltr'>ης.</span> <span class='ocrx_word' id='word_1_137' title='bbox 1684 1241 1755 1286; x_wconf 88' lang='lat' dir='ltr'>ubi</span> <span class='ocrx_word' id='word_1_138' title='bbox 1785 1256 1852 1286; x_wconf 88' lang='lat' dir='ltr'>ars</span> <span class='ocrx_word' id='word_1_139' title='bbox 1885 1242 2026 1286; x_wconf 86' lang='lat' dir='ltr'>tactica</span> <span class='ocrx_word' id='word_1_140' title='bbox 2047 1241 2197 1285; x_wconf 83' lang='lat' dir='ltr'>Nesto-</span> 
     </span>
     <span class='ocr_line' id='line_1_15' title="bbox 306 1305 2195 1376; baseline 0 -18"><span class='ocrx_word' id='word_1_141' title='bbox 306 1321 362 1359; x_wconf 86' lang='lat' dir='ltr'>ris</span> <span class='ocrx_word' id='word_1_142' title='bbox 394 1319 611 1366; x_wconf 89' lang='lat' dir='ltr'>laudatur,</span> <span class='ocrx_word' id='word_1_143' title='bbox 654 1333 776 1376; x_wconf 83' lang='lat' dir='ltr'>quam</span> <span class='ocrx_word' id='word_1_144' title='bbox 816 1320 937 1361; x_wconf 86' lang='lat' dir='ltr'>etiam</span> <span class='ocrx_word' id='word_1_145' title='bbox 968 1318 1003 1359; x_wconf 94' lang='lat' dir='ltr'><strong>B</strong></span> <span class='ocrx_word' id='word_1_146' title='bbox 1038 1322 1267 1361; x_wconf 80' lang='lat'><strong>362—368</strong></span> <span class='ocrx_word' id='word_1_147' title='bbox 1306 1319 1403 1360; x_wconf 88' lang='lat' dir='ltr'>satis</span> <span class='ocrx_word' id='word_1_148' title='bbox 1430 1321 1571 1375; x_wconf 72' lang='lat' dir='ltr'>inepte</span> <span class='ocrx_word' id='word_1_149' title='bbox 1594 1305 1850 1368; x_wconf 28' lang='lat' dir='ltr'>‘intulerunu</span> <span class='ocrx_word' id='word_1_150' title='bbox 1892 1333 1929 1359; x_wconf 80' lang='lat' dir='ltr'>v,</span> <span class='ocrx_word' id='word_1_151' title='bbox 1972 1322 2053 1360; x_wconf 84' lang='lat'>555</span> <span class='ocrx_word' id='word_1_152' title='bbox 2095 1332 2195 1359; x_wconf 86' lang='lat' dir='ltr'>vero</span> 
     </span>
     <span class='ocr_line' id='line_1_16' title="bbox 306 1394 1576 1437; baseline 0.003 -4"><span class='ocrx_word' id='word_1_153' title='bbox 306 1394 658 1435; x_wconf 81' lang='lat' dir='ltr'>ratiocinationem</span> <span class='ocrx_word' id='word_1_154' title='bbox 689 1408 805 1436; x_wconf 87' lang='lat' dir='ltr'>suam</span> <span class='ocrx_word' id='word_1_155' title='bbox 836 1409 889 1436; x_wconf 85' lang='lat' dir='ltr'>ex</span> <span class='ocrx_word' id='word_1_156' title='bbox 928 1397 977 1435; x_wconf 81' lang='grc' dir='ltr'><strong>Ψ</strong></span> <span class='ocrx_word' id='word_1_157' title='bbox 999 1396 1227 1436; x_wconf 78' lang='lat'>789—792</span> <span class='ocrx_word' id='word_1_158' title='bbox 1260 1394 1576 1437; x_wconf 74' lang='lat' dir='ltr'>contraxeritz..</span> 
     </span>
    </p>

    <p class='ocr_par' dir='ltr' id='par_1_3' title="bbox 595 1462 1846 1527">
     <span class='ocr_line' id='line_1_17' title="bbox 595 1462 1846 1527; baseline 0 -16"><span class='ocrx_word' id='word_1_159' title='bbox 595 1471 701 1520; x_wconf 86' lang='grc' dir='ltr'><strong><em>Α”ιας</em></strong></span> <span class='ocrx_word' id='word_1_160' title='bbox 729 1468 806 1525; x_wconf 79' lang='grc' dir='ltr'><strong><em>μὲν</em></strong></span> <span class='ocrx_word' id='word_1_161' title='bbox 833 1467 915 1527; x_wconf 77' lang='grc' dir='ltr'>γὰρ</span> <span class='ocrx_word' id='word_1_162' title='bbox 945 1467 1045 1526; x_wconf 79' lang='grc' dir='ltr'><strong><em>ἐμεῖ’</em></strong></span> <span class='ocrx_word' id='word_1_163' title='bbox 1076 1466 1220 1525; x_wconf 69' lang='grc' dir='ltr'><strong><em>ὀλίγον</em></strong></span> <span class='ocrx_word' id='word_1_164' title='bbox 1248 1462 1656 1525; x_wconf 76' lang='grc' dir='ltr'><strong><em>προγενέστερός</em></strong></span> <span class='ocrx_word' id='word_1_165' title='bbox 1683 1467 1846 1521; x_wconf 81' lang='grc' dir='ltr'><strong><em>ἐστιν,</em></strong></span> 
     </span>
    </p>

    <p class='ocr_par' dir='ltr' id='par_1_4' title="bbox 591 1539 1778 1603">
     <span class='ocr_line' id='line_1_18' title="bbox 591 1539 1778 1603; baseline -0.002 -15"><span class='ocrx_word' id='word_1_166' title='bbox 591 1539 717 1597; x_wconf 84' lang='grc' dir='ltr'><strong><em>οὗτος</em></strong></span> <span class='ocrx_word' id='word_1_167' title='bbox 745 1544 791 1589; x_wconf 78' lang='grc' dir='ltr'>δὲ</span> <span class='ocrx_word' id='word_1_168' title='bbox 820 1544 1023 1603; x_wconf 78' lang='grc' dir='ltr'><strong><em>προτέρης</em></strong></span> <span class='ocrx_word' id='word_1_169' title='bbox 1050 1547 1194 1603; x_wconf 78' lang='grc' dir='ltr'><strong><em>γενεῆς</em></strong></span> <span class='ocrx_word' id='word_1_170' title='bbox 1220 1542 1434 1602; x_wconf 72' lang='grc' dir='ltr'><strong><em>προτέρων</em></strong></span> <span class='ocrx_word' id='word_1_171' title='bbox 1460 1541 1494 1587; x_wconf 84' lang='grc' dir='ltr'><strong><em>τ’</em></strong></span> <span class='ocrx_word' id='word_1_172' title='bbox 1523 1541 1778 1600; x_wconf 74' lang='grc' dir='ltr'><strong><em>ἀνθρώπων.</em></strong></span> 
     </span>
    </p>

    <p class='ocr_par' dir='ltr' id='par_1_5' title="bbox 590 1619 1698 1677">
     <span class='ocr_line' id='line_1_19' title="bbox 590 1619 1698 1677; baseline -0.002 -14"><span class='ocrx_word' id='word_1_173' title='bbox 590 1621 858 1677; x_wconf 78' lang='grc' dir='ltr'><strong><em>ὠμογέροντα</em></strong></span> <span class='ocrx_word' id='word_1_174' title='bbox 887 1621 932 1663; x_wconf 81' lang='grc' dir='ltr'>δέ</span> <span class='ocrx_word' id='word_1_175' title='bbox 960 1623 1034 1676; x_wconf 84' lang='grc' dir='ltr'><strong><em>μίν</em></strong></span> <span class='ocrx_word' id='word_1_176' title='bbox 1062 1619 1164 1675; x_wconf 60' lang='grc' dir='ltr'>φαὸ</span> <span class='ocrx_word' id='word_1_177' title='bbox 1195 1621 1389 1676; x_wconf 78' lang='grc' dir='ltr'><strong><em>ἔμμεναι·</em></strong></span> <span class='ocrx_word' id='word_1_178' title='bbox 1419 1619 1624 1676; x_wconf 74' lang='grc' dir='ltr'>ἀργαλέον</span> <span class='ocrx_word' id='word_1_179' title='bbox 1653 1619 1698 1661; x_wconf 87' lang='grc' dir='ltr'>δέ</span> 
     </span>
    </p>

    <p class='ocr_par' dir='ltr' id='par_1_6' title="bbox 298 1693 2225 2731">
     <span class='ocr_line' id='line_1_20' title="bbox 592 1693 1700 1752; baseline -0.001 -12"><span class='ocrx_word' id='word_1_180' title='bbox 592 1698 745 1740; x_wconf 82' lang='grc' dir='ltr'><strong><em>ποσσὶν</em></strong></span> <span class='ocrx_word' id='word_1_181' title='bbox 774 1695 1117 1752; x_wconf 80' lang='grc' dir='ltr'><strong><em>ἐριδήσασθαι</em></strong></span> <span class='ocrx_word' id='word_1_182' title='bbox 1142 1694 1339 1751; x_wconf 70' lang='grc' dir='ltr'><strong><em>Ἀχαιοῖς,</em></strong></span> <span class='ocrx_word' id='word_1_183' title='bbox 1370 1697 1406 1739; x_wconf 78' lang='grc' dir='ltr'><strong><em>εἰ</em></strong></span> <span class='ocrx_word' id='word_1_184' title='bbox 1432 1694 1487 1751; x_wconf 82' lang='grc' dir='ltr'>μὴ</span> <span class='ocrx_word' id='word_1_185' title='bbox 1516 1693 1700 1751; x_wconf 74' lang='grc' dir='ltr'><strong><em>Ἀχιλλεῖ.</em></strong></span> 
     </span>
     <span class='ocr_line' id='line_1_21' title="bbox 303 1770 2192 1830; baseline -0.001 -14"><span class='ocrx_word' id='word_1_186' title='bbox 303 1771 407 1816; x_wconf 82' lang='lat' dir='ltr'>Tum</span> <span class='ocrx_word' id='word_1_187' title='bbox 439 1788 477 1815; x_wconf 83' lang='lat' dir='ltr'>v.</span> <span class='ocrx_word' id='word_1_188' title='bbox 510 1777 594 1816; x_wconf 86' lang='lat'>550</span> <span class='ocrx_word' id='word_1_189' title='bbox 625 1788 685 1830; x_wconf 87' lang='lat' dir='ltr'>sq.</span> <span class='ocrx_word' id='word_1_190' title='bbox 717 1773 804 1830; x_wconf 84' lang='lat' dir='ltr'>jam</span> <span class='ocrx_word' id='word_1_191' title='bbox 834 1771 1072 1816; x_wconf 87' lang='lat' dir='ltr'>Eustathius</span> <span class='ocrx_word' id='word_1_192' title='bbox 1104 1772 1314 1816; x_wconf 82' lang='lat' dir='ltr'>adnotavit</span> <span class='ocrx_word' id='word_1_193' title='bbox 1343 1772 1457 1815; x_wconf 89' lang='lat' dir='ltr'>innui</span> <span class='ocrx_word' id='word_1_194' title='bbox 1487 1771 1620 1815; x_wconf 87' lang='lat' dir='ltr'>videri</span> <span class='ocrx_word' id='word_1_195' title='bbox 1652 1770 2041 1820; x_wconf 85' lang='lat' dir='ltr'>Panathenaea,</span> <span class='ocrx_word' id='word_1_196' title='bbox 2082 1773 2192 1828; x_wconf 90' lang='lat' dir='ltr'>quod</span> 
     </span>
     <span class='ocr_line' id='line_1_22' title="bbox 300 1845 2195 1904; baseline 0 -15"><span class='ocrx_word' id='word_1_197' title='bbox 300 1850 333 1889; x_wconf 90' lang='lat' dir='ltr'>si</span> <span class='ocrx_word' id='word_1_198' title='bbox 364 1861 509 1890; x_wconf 83' lang='lat' dir='ltr'>verum</span> <span class='ocrx_word' id='word_1_199' title='bbox 540 1855 620 1896; x_wconf 83' lang='lat' dir='ltr'>est.</span> <span class='ocrx_word' id='word_1_200' title='bbox 653 1855 699 1890; x_wconf 89' lang='lat' dir='ltr'>ut</span> <span class='ocrx_word' id='word_1_201' title='bbox 730 1855 792 1890; x_wconf 89' lang='lat' dir='ltr'>est</span> <span class='ocrx_word' id='word_1_202' title='bbox 823 1848 1056 1897; x_wconf 85' lang='lat' dir='ltr'>verisimile,</span> <span class='ocrx_word' id='word_1_203' title='bbox 1089 1847 1212 1889; x_wconf 88' lang='lat' dir='ltr'>etiam</span> <span class='ocrx_word' id='word_1_204' title='bbox 1243 1847 1322 1890; x_wconf 85' lang='lat' dir='ltr'>hac</span> <span class='ocrx_word' id='word_1_205' title='bbox 1353 1847 1560 1889; x_wconf 87' lang='lat' dir='ltr'>mentione</span> <span class='ocrx_word' id='word_1_206' title='bbox 1590 1846 1641 1888; x_wconf 87' lang='lat' dir='ltr'>ad</span> <span class='ocrx_word' id='word_1_207' title='bbox 1672 1845 1878 1889; x_wconf 83' lang='lat' dir='ltr'>Pisistrati</span> <span class='ocrx_word' id='word_1_208' title='bbox 1910 1855 2098 1904; x_wconf 87' lang='lat' dir='ltr'>tempora</span> <span class='ocrx_word' id='word_1_209' title='bbox 2130 1862 2195 1889; x_wconf 87' lang='lat' dir='ltr'>re-</span> 
     </span>
     <span class='ocr_line' id='line_1_23' title="bbox 303 1924 2192 1980; baseline -0.001 -14"><span class='ocrx_word' id='word_1_210' title='bbox 303 1940 512 1966; x_wconf 89' lang='lat' dir='ltr'>vocamur.</span> <span class='ocrx_word' id='word_1_211' title='bbox 573 1924 724 1980; x_wconf 85' lang='lat' dir='ltr'>Neque</span> <span class='ocrx_word' id='word_1_212' title='bbox 754 1927 863 1966; x_wconf 90' lang='lat' dir='ltr'>enim</span> <span class='ocrx_word' id='word_1_213' title='bbox 894 1939 1062 1975; x_wconf 79' lang='lat' dir='ltr'>vereor,</span> <span class='ocrx_word' id='word_1_214' title='bbox 1102 1940 1157 1966; x_wconf 82' lang='lat' dir='ltr'>ne</span> <span class='ocrx_word' id='word_1_215' title='bbox 1185 1926 1277 1980; x_wconf 87' lang='lat' dir='ltr'>quis</span> <span class='ocrx_word' id='word_1_216' title='bbox 1308 1924 1511 1965; x_wconf 84' lang='lat' dir='ltr'>Theseum</span> <span class='ocrx_word' id='word_1_217' title='bbox 1555 1933 1627 1965; x_wconf 88' lang='lat' dir='ltr'>aut</span> <span class='ocrx_word' id='word_1_218' title='bbox 1665 1924 1981 1966; x_wconf 84' lang='lat' dir='ltr'>Erichthonium</span> <span class='ocrx_word' id='word_1_219' title='bbox 2019 1934 2064 1966; x_wconf 90' lang='lat' dir='ltr'>ut</span> <span class='ocrx_word' id='word_1_220' title='bbox 2100 1926 2192 1980; x_wconf 92' lang='lat' dir='ltr'>ejus</span> 
     </span>
     <span class='ocr_line' id='line_1_24' title="bbox 302 1998 2192 2059; baseline 0 -14"><span class='ocrx_word' id='word_1_221' title='bbox 302 2002 395 2045; x_wconf 86' lang='lat' dir='ltr'>festi</span> <span class='ocrx_word' id='word_1_222' title='bbox 424 2010 638 2046; x_wconf 86' lang='lat' dir='ltr'>auctorem</span> <span class='ocrx_word' id='word_1_223' title='bbox 669 2000 786 2045; x_wconf 91' lang='lat' dir='ltr'>nobis</span> <span class='ocrx_word' id='word_1_224' title='bbox 817 2002 869 2046; x_wconf 89' lang='lat' dir='ltr'>sit</span> <span class='ocrx_word' id='word_1_225' title='bbox 899 2001 1180 2058; x_wconf 87' lang='lat' dir='ltr'>oppositurus.</span> <span class='ocrx_word' id='word_1_226' title='bbox 1226 1998 1357 2045; x_wconf 88' lang='lat' dir='ltr'>Recte</span> <span class='ocrx_word' id='word_1_227' title='bbox 1387 2000 1553 2045; x_wconf 89' lang='lat' dir='ltr'>omnino</span> <span class='ocrx_word' id='word_1_228' title='bbox 1583 1999 1672 2058; x_wconf 82' lang='lat' dir='ltr'>jam</span> <span class='ocrx_word' id='word_1_229' title='bbox 1697 2000 1750 2045; x_wconf 93' lang='lat' dir='ltr'>de</span> <span class='ocrx_word' id='word_1_230' title='bbox 1781 2002 1842 2045; x_wconf 91' lang='lat' dir='ltr'>his</span> <span class='ocrx_word' id='word_1_231' title='bbox 1874 1999 2192 2059; x_wconf 83' lang='lat' dir='ltr'>Payne-Knight</span> 
     </span>
     <span class='ocr_line' id='line_1_25' title="bbox 300 2077 2189 2140; baseline -0.001 -17"><span class='ocrx_word' id='word_1_232' title='bbox 300 2078 524 2137; x_wconf 82' lang='lat' dir='ltr'>judicavit,</span> <span class='ocrx_word' id='word_1_233' title='bbox 557 2092 814 2140; x_wconf 64' lang='lat' dir='ltr'>&gt;quamquam</span> <span class='ocrx_word' id='word_1_234' title='bbox 846 2085 886 2123; x_wconf 91' lang='lat' dir='ltr'>et</span> <span class='ocrx_word' id='word_1_235' title='bbox 919 2077 1089 2123; x_wconf 80' lang='lat' dir='ltr'>calidius</span> <span class='ocrx_word' id='word_1_236' title='bbox 1131 2077 1255 2123; x_wconf 82' lang='lat' dir='ltr'>etiam</span> <span class='ocrx_word' id='word_1_237' title='bbox 1287 2091 1324 2122; x_wconf 84' lang='lat' dir='ltr'>v.</span> <span class='ocrx_word' id='word_1_238' title='bbox 1357 2080 1440 2123; x_wconf 68' lang='lat'>547</span> <span class='ocrx_word' id='word_1_239' title='bbox 1469 2091 1534 2136; x_wconf 89' lang='lat' dir='ltr'>sq.</span> <span class='ocrx_word' id='word_1_240' title='bbox 1576 2077 1786 2123; x_wconf 87' lang='lat' dir='ltr'>damnavit</span> <span class='ocrx_word' id='word_1_241' title='bbox 1826 2086 1867 2122; x_wconf 87' lang='lat' dir='ltr'>et</span> <span class='ocrx_word' id='word_1_242' title='bbox 1908 2078 2189 2123; x_wconf 87' lang='lat' dir='ltr'>inconsidera-</span> 
     </span>
     <span class='ocr_line' id='line_1_26' title="bbox 301 2147 2191 2212; baseline -0.002 -12"><span class='ocrx_word' id='word_1_243' title='bbox 301 2158 380 2200; x_wconf 89' lang='lat' dir='ltr'>tius</span> <span class='ocrx_word' id='word_1_244' title='bbox 411 2147 594 2200; x_wconf 66' lang='lat' dir='ltr'>Graecos</span> <span class='ocrx_word' id='word_1_245' title='bbox 626 2155 785 2198; x_wconf 86' lang='lat' dir='ltr'>Troicis</span> <span class='ocrx_word' id='word_1_246' title='bbox 817 2154 1075 2212; x_wconf 89' lang='lat' dir='ltr'>temporibus</span> <span class='ocrx_word' id='word_1_247' title='bbox 1106 2154 1256 2211; x_wconf 86' lang='lat' dir='ltr'>templa</span> <span class='ocrx_word' id='word_1_248' title='bbox 1287 2153 1477 2197; x_wconf 89' lang='lat' dir='ltr'>habuisse</span> <span class='ocrx_word' id='word_1_249' title='bbox 1508 2155 1702 2212; x_wconf 84' lang='lat' dir='ltr'>negavit:</span> <span class='ocrx_word' id='word_1_250' title='bbox 1736 2155 1816 2198; x_wconf 90' lang='lat' dir='ltr'>hoc</span> <span class='ocrx_word' id='word_1_251' title='bbox 1851 2168 1949 2198; x_wconf 86' lang='lat' dir='ltr'>vero</span> <span class='ocrx_word' id='word_1_252' title='bbox 1977 2162 2089 2198; x_wconf 86' lang='lat' dir='ltr'>recte</span> <span class='ocrx_word' id='word_1_253' title='bbox 2117 2155 2191 2197; x_wconf 89' lang='lat' dir='ltr'>ob-</span> 
     </span>
     <span class='ocr_line' id='line_1_27' title="bbox 299 2231 2188 2289; baseline -0.001 -14"><span class='ocrx_word' id='word_1_254' title='bbox 299 2235 479 2284; x_wconf 82' lang='lat' dir='ltr'>servavit</span> <span class='ocrx_word' id='word_1_255' title='bbox 517 2233 691 2276; x_wconf 91' lang='lat' dir='ltr'>heroum</span> <span class='ocrx_word' id='word_1_256' title='bbox 729 2232 884 2276; x_wconf 87' lang='lat' dir='ltr'>cultum</span> <span class='ocrx_word' id='word_1_257' title='bbox 922 2239 1049 2289; x_wconf 86' lang='lat' dir='ltr'>atque</span> <span class='ocrx_word' id='word_1_258' title='bbox 1085 2232 1329 2288; x_wconf 81' lang='lat' dir='ltr'>religionem</span> <span class='ocrx_word' id='word_1_259' title='bbox 1364 2246 1399 2273; x_wconf 42' lang='lat' dir='ltr'>a«</span> <span class='ocrx_word' id='word_1_260' title='bbox 1418 2231 1675 2288; x_wconf 84' lang='lat' dir='ltr'>temporibus</span> <span class='ocrx_word' id='word_1_261' title='bbox 1716 2233 1794 2275; x_wconf 85' lang='lat' dir='ltr'>illis</span> <span class='ocrx_word' id='word_1_262' title='bbox 1836 2234 2014 2276; x_wconf 85' lang='lat' dir='ltr'>alienum</span> <span class='ocrx_word' id='word_1_263' title='bbox 2052 2233 2188 2275; x_wconf 83' lang='lat' dir='ltr'>fuisse.</span> 
     </span>
     <span class='ocr_line' id='line_1_28' title="bbox 302 2305 2193 2365; baseline 0.001 -14"><span class='ocrx_word' id='word_1_264' title='bbox 302 2309 413 2362; x_wconf 82' lang='lat' dir='ltr'>Quid</span> <span class='ocrx_word' id='word_1_265' title='bbox 445 2309 557 2365; x_wconf 90' lang='lat' dir='ltr'>quod</span> <span class='ocrx_word' id='word_1_266' title='bbox 589 2322 665 2351; x_wconf 91' lang='lat' dir='ltr'>suo</span> <span class='ocrx_word' id='word_1_267' title='bbox 697 2321 815 2351; x_wconf 91' lang='lat' dir='ltr'>more</span> <span class='ocrx_word' id='word_1_268' title='bbox 845 2308 1203 2364; x_wconf 84' lang='lat' dir='ltr'>interpolationem</span> <span class='ocrx_word' id='word_1_269' title='bbox 1234 2305 1475 2351; x_wconf 85' lang='lat' dir='ltr'>Atticorum</span> <span class='ocrx_word' id='word_1_270' title='bbox 1504 2309 1548 2351; x_wconf 90' lang='lat' dir='ltr'>in</span> <span class='ocrx_word' id='word_1_271' title='bbox 1579 2308 1781 2352; x_wconf 89' lang='lat' dir='ltr'>honorem</span> <span class='ocrx_word' id='word_1_272' title='bbox 1822 2309 1970 2352; x_wconf 81' lang='lat' dir='ltr'>factam</span> <span class='ocrx_word' id='word_1_273' title='bbox 2007 2308 2193 2352; x_wconf 86' lang='lat' dir='ltr'>Pseudo-</span> 
     </span>
     <span class='ocr_line' id='line_1_29' title="bbox 301 2381 2190 2431; baseline -0.001 -5"><span class='ocrx_word' id='word_1_274' title='bbox 301 2383 544 2426; x_wconf 87' lang='lat' dir='ltr'>Herodotns</span> <span class='ocrx_word' id='word_1_275' title='bbox 574 2383 729 2426; x_wconf 89' lang='lat' dir='ltr'>indicat</span> <span class='ocrx_word' id='word_1_276' title='bbox 757 2385 800 2426; x_wconf 92' lang='lat' dir='ltr'>in</span> <span class='ocrx_word' id='word_1_277' title='bbox 833 2384 914 2425; x_wconf 86' lang='lat' dir='ltr'>vita</span> <span class='ocrx_word' id='word_1_278' title='bbox 951 2381 1128 2426; x_wconf 88' lang='lat' dir='ltr'>Homeri</span> <span class='ocrx_word' id='word_1_279' title='bbox 1158 2397 1192 2426; x_wconf 88' lang='lat' dir='ltr'>c.</span> <span class='ocrx_word' id='word_1_280' title='bbox 1228 2385 1303 2431; x_wconf 84' lang='lat'>28,</span> <span class='ocrx_word' id='word_1_281' title='bbox 1344 2383 1416 2426; x_wconf 88' lang='lat' dir='ltr'>ubi</span> <span class='ocrx_word' id='word_1_282' title='bbox 1452 2384 1503 2426; x_wconf 91' lang='lat' dir='ltr'>de</span> <span class='ocrx_word' id='word_1_283' title='bbox 1545 2386 1731 2427; x_wconf 84' lang='lat' dir='ltr'>Homero</span> <span class='ocrx_word' id='word_1_284' title='bbox 1768 2393 1907 2427; x_wconf 74' lang='lat' dir='ltr'>narrat</span> <span class='ocrx_word' id='word_1_285' title='bbox 1946 2384 1994 2426; x_wconf 89' lang='lat' dir='ltr'>ad</span> <span class='ocrx_word' id='word_1_286' title='bbox 2034 2387 2112 2426; x_wconf 90' lang='lat' dir='ltr'>iter</span> <span class='ocrx_word' id='word_1_287' title='bbox 2150 2386 2190 2425; x_wconf 91' lang='lat' dir='ltr'>in</span> 
     </span>
     <span class='ocr_line' id='line_1_30' title="bbox 304 2456 2225 2514; baseline -0.001 -11"><span class='ocrx_word' id='word_1_288' title='bbox 304 2460 522 2503; x_wconf 86' lang='lat' dir='ltr'>Graeciam</span> <span class='ocrx_word' id='word_1_289' title='bbox 559 2459 790 2503; x_wconf 78' lang='lat' dir='ltr'>faciendum</span> <span class='ocrx_word' id='word_1_290' title='bbox 829 2459 1022 2502; x_wconf 87' lang='lat' dir='ltr'>invitato:</span> <span class='ocrx_word' id='word_1_291' title='bbox 1068 2456 1330 2513; x_wconf 81' lang='grc' dir='ltr'><strong><em>κατανοήσας</em></strong></span> <span class='ocrx_word' id='word_1_292' title='bbox 1360 2457 1428 2508; x_wconf 84' lang='grc' dir='ltr'>δέ,</span> <span class='ocrx_word' id='word_1_293' title='bbox 1469 2457 1535 2502; x_wconf 79' lang='grc' dir='ltr'>ὅτι</span> <span class='ocrx_word' id='word_1_294' title='bbox 1576 2459 1619 2510; x_wconf 80' lang='grc' dir='ltr'>ἐς</span> <span class='ocrx_word' id='word_1_295' title='bbox 1652 2458 1729 2514; x_wconf 76' lang='grc' dir='ltr'><strong><em>μὲν</em></strong></span> <span class='ocrx_word' id='word_1_296' title='bbox 1749 2458 1903 2514; x_wconf 77' lang='grc' dir='ltr'><strong><em>’Ἄργος</em></strong></span> <span class='ocrx_word' id='word_1_297' title='bbox 1937 2461 2087 2503; x_wconf 86' lang='grc' dir='ltr'><strong><em>πολλαὶ</em></strong></span> <span class='ocrx_word' id='word_1_298' title='bbox 2125 2461 2193 2502; x_wconf 81' lang='grc' dir='ltr'><strong><em>καὶ</em></strong></span> <span class='ocrx_word' id='word_1_299' title='bbox 2223 2509 2225 2513; x_wconf 25' lang='lat'><strong><em>¹</em></strong></span> 
     </span>
     <span class='ocr_line' id='line_1_31' title="bbox 298 2531 2193 2590; baseline 0 -12"><span class='ocrx_word' id='word_1_300' title='bbox 298 2533 475 2590; x_wconf 81' lang='grc' dir='ltr'><strong><em>μεγάλαι</em></strong></span> <span class='ocrx_word' id='word_1_301' title='bbox 503 2531 587 2578; x_wconf 82' lang='grc' dir='ltr'><strong><em>εἶεν</em></strong></span> <span class='ocrx_word' id='word_1_302' title='bbox 616 2532 803 2589; x_wconf 80' lang='grc' dir='ltr'><strong><em>εὐλογίαι</em></strong></span> <span class='ocrx_word' id='word_1_303' title='bbox 831 2532 1125 2589; x_wconf 83' lang='grc' dir='ltr'><strong><em>πεποιημέναι,</em></strong></span> <span class='ocrx_word' id='word_1_304' title='bbox 1156 2533 1200 2584; x_wconf 85' lang='grc' dir='ltr'>ἐς</span> <span class='ocrx_word' id='word_1_305' title='bbox 1227 2532 1272 2577; x_wconf 80' lang='grc' dir='ltr'>δὲ</span> <span class='ocrx_word' id='word_1_306' title='bbox 1300 2531 1377 2585; x_wconf 80' lang='grc' dir='ltr'><strong><em>τὰς</em></strong></span> <span class='ocrx_word' id='word_1_307' title='bbox 1403 2532 1587 2590; x_wconf 79' lang='grc' dir='ltr'><strong><em>Ἀθήνας</em></strong></span> <span class='ocrx_word' id='word_1_308' title='bbox 1614 2533 1686 2584; x_wconf 84' lang='grc' dir='ltr'><strong><em>οὔ,</em></strong></span> <span class='ocrx_word' id='word_1_309' title='bbox 1718 2534 1880 2589; x_wconf 79' lang='grc' dir='ltr'><strong><em>ἐμποιεῖ</em></strong></span> <span class='ocrx_word' id='word_1_310' title='bbox 1904 2534 1947 2585; x_wconf 85' lang='grc' dir='ltr'>ἐς</span> <span class='ocrx_word' id='word_1_311' title='bbox 1971 2534 2048 2590; x_wconf 86' lang='grc' dir='ltr'>τὴν</span> <span class='ocrx_word' id='word_1_312' title='bbox 2074 2537 2193 2589; x_wconf 83' lang='grc' dir='ltr'><strong><em>ποίη-</em></strong></span> 
     </span>
     <span class='ocr_line' id='line_1_32' title="bbox 299 2607 2190 2669; baseline 0 -15"><span class='ocrx_word' id='word_1_313' title='bbox 299 2620 389 2662; x_wconf 90' lang='grc' dir='ltr'><strong><em>σιν,</em></strong></span> <span class='ocrx_word' id='word_1_314' title='bbox 431 2609 475 2661; x_wconf 83' lang='grc' dir='ltr'>ἐς</span> <span class='ocrx_word' id='word_1_315' title='bbox 503 2609 580 2665; x_wconf 79' lang='grc' dir='ltr'><strong><em>μὲν</em></strong></span> <span class='ocrx_word' id='word_1_316' title='bbox 609 2607 763 2654; x_wconf 81' lang='grc' dir='ltr'><strong><em>Ἰλιάδα</em></strong></span> <span class='ocrx_word' id='word_1_317' title='bbox 800 2608 877 2666; x_wconf 82' lang='grc' dir='ltr'>τὴν</span> <span class='ocrx_word' id='word_1_318' title='bbox 912 2607 1098 2666; x_wconf 82' lang='grc' dir='ltr'><strong><em>μεγάλην</em></strong></span> <span class='ocrx_word' id='word_1_319' title='bbox 1130 2607 1334 2665; x_wconf 80' lang='grc' dir='ltr'><strong><em>Ἐρεχθέα</em></strong></span> <span class='ocrx_word' id='word_1_320' title='bbox 1371 2610 1620 2665; x_wconf 83' lang='grc' dir='ltr'><strong><em>μεγαλύνων</em></strong></span> <span class='ocrx_word' id='word_1_321' title='bbox 1657 2610 1703 2655; x_wconf 81' lang='grc' dir='ltr'><strong><em>ἐν</em></strong></span> <span class='ocrx_word' id='word_1_322' title='bbox 1739 2613 1847 2656; x_wconf 77' lang='grc' dir='ltr'><strong><em>νεῶν</em></strong></span> <span class='ocrx_word' id='word_1_323' title='bbox 1888 2610 2105 2669; x_wconf 83' lang='grc' dir='ltr'><strong><em>καταλόγῳ</em></strong></span> <span class='ocrx_word' id='word_1_324' title='bbox 2140 2610 2190 2654; x_wconf 83' lang='grc' dir='ltr'><strong><em>τὰ</em></strong></span> 
     </span>
     <span class='ocr_line' id='line_1_33' title="bbox 310 2685 1352 2731; baseline -0.005 0"><span class='ocrx_word' id='word_1_325' title='bbox 310 2688 407 2731; x_wconf 82' lang='grc' dir='ltr'><strong><em>ἔπεα</em></strong></span> <span class='ocrx_word' id='word_1_326' title='bbox 435 2685 548 2731; x_wconf 89' lang='grc' dir='ltr'><strong><em>τάδε·</em></strong></span> <span class='ocrx_word' id='word_1_327' title='bbox 1349 2697 1352 2699; x_wconf 87' lang='grc'><em>·</em></span> 
     </span>
    </p>

    <p class='ocr_par' dir='ltr' id='par_1_7' title="bbox 640 2759 1799 2898">
     <span class='ocr_line' id='line_1_34' title="bbox 649 2759 1752 2819; baseline 0 -12"><span class='ocrx_word' id='word_1_328' title='bbox 649 2765 785 2819; x_wconf 89' lang='grc' dir='ltr'><strong><em>δῆμον</em></strong></span> <span class='ocrx_word' id='word_1_329' title='bbox 811 2761 1035 2818; x_wconf 80' lang='grc' dir='ltr'><strong><em>Ἐρεχθῆος</em></strong></span> <span class='ocrx_word' id='word_1_330' title='bbox 1062 2759 1363 2817; x_wconf 80' lang='grc' dir='ltr'><strong><em>μεγαλήτορος,</em></strong></span> <span class='ocrx_word' id='word_1_331' title='bbox 1396 2760 1447 2805; x_wconf 80' lang='grc' dir='ltr'><strong><em>ὅν</em></strong></span> <span class='ocrx_word' id='word_1_332' title='bbox 1474 2761 1566 2805; x_wconf 85' lang='grc' dir='ltr'><strong><em>ποτ’</em></strong></span> <span class='ocrx_word' id='word_1_333' title='bbox 1595 2760 1752 2818; x_wconf 73' lang='grc' dir='ltr'><strong><em>Ἀθήνη</em></strong></span> 
     </span>
     <span class='ocr_line' id='line_1_35' title="bbox 640 2835 1799 2898; baseline 0 -15"><span class='ocrx_word' id='word_1_334' title='bbox 640 2838 804 2898; x_wconf 45' lang='grc' dir='ltr'><strong><em>’,θρέψω</em></strong></span> <span class='ocrx_word' id='word_1_335' title='bbox 838 2838 946 2889; x_wconf 85' lang='grc' dir='ltr'><strong><em>Διὸς</em></strong></span> <span class='ocrx_word' id='word_1_336' title='bbox 973 2835 1187 2893; x_wconf 83' lang='grc' dir='ltr'><strong><em>θυγάτηρ,</em></strong></span> <span class='ocrx_word' id='word_1_337' title='bbox 1217 2835 1307 2881; x_wconf 77' lang='grc' dir='ltr'><strong><em>τέκε</em></strong></span> <span class='ocrx_word' id='word_1_338' title='bbox 1336 2836 1382 2881; x_wconf 77' lang='grc' dir='ltr'>δὲ</span> <span class='ocrx_word' id='word_1_339' title='bbox 1414 2839 1607 2894; x_wconf 82' lang='grc' dir='ltr'><strong><em>ζείδωρος</em></strong></span> <span class='ocrx_word' id='word_1_340' title='bbox 1635 2838 1799 2895; x_wconf 79' lang='grc' dir='ltr'><strong><em>ἄρουρα</em></strong></span> 
     </span>
    </p>

    <p class='ocr_par' dir='ltr' id='par_1_8' title="bbox 305 2915 2187 3045">
     <span class='ocr_line' id='line_1_36' title="bbox 309 2915 2187 2974; baseline -0.002 -13"><span class='ocrx_word' id='word_1_341' title='bbox 309 2916 394 2971; x_wconf 89' lang='lat' dir='ltr'>(ubi</span> <span class='ocrx_word' id='word_1_342' title='bbox 424 2925 508 2961; x_wconf 87' lang='lat' dir='ltr'>tres</span> <span class='ocrx_word' id='word_1_343' title='bbox 538 2917 659 2961; x_wconf 88' lang='lat' dir='ltr'>etiam</span> <span class='ocrx_word' id='word_1_344' title='bbox 690 2916 762 2974; x_wconf 91' lang='lat' dir='ltr'>qui</span> <span class='ocrx_word' id='word_1_345' title='bbox 791 2923 1024 2973; x_wconf 88' lang='lat' dir='ltr'>sequuntur</span> <span class='ocrx_word' id='word_1_346' title='bbox 1055 2927 1197 2958; x_wconf 87' lang='lat' dir='ltr'>versus</span> <span class='ocrx_word' id='word_1_347' title='bbox 1229 2916 1456 2960; x_wconf 72' lang='lat'>549-551</span> <span class='ocrx_word' id='word_1_348' title='bbox 1489 2922 1679 2960; x_wconf 89' lang='lat' dir='ltr'>nostrum</span> <span class='ocrx_word' id='word_1_349' title='bbox 1717 2915 1925 2960; x_wconf 89' lang='lat' dir='ltr'>hominem</span> <span class='ocrx_word' id='word_1_350' title='bbox 1963 2925 2033 2960; x_wconf 89' lang='lat' dir='ltr'>aut</span> <span class='ocrx_word' id='word_1_351' title='bbox 2069 2917 2187 2967; x_wconf 86' lang='lat' dir='ltr'>simul</span> 
     </span>
     <span class='ocr_line' id='line_1_37' title="bbox 305 2990 2186 3045; baseline -0.001 -8"><span class='ocrx_word' id='word_1_352' title='bbox 305 2993 556 3038; x_wconf 85' lang='lat' dir='ltr'>intellexisse</span> <span class='ocrx_word' id='word_1_353' title='bbox 580 2999 650 3038; x_wconf 86' lang='lat' dir='ltr'>aut</span> <span class='ocrx_word' id='word_1_354' title='bbox 673 2992 778 3038; x_wconf 88' lang='lat' dir='ltr'>adeo</span> <span class='ocrx_word' id='word_1_355' title='bbox 805 2991 1008 3038; x_wconf 85' lang='lat' dir='ltr'>addidisse</span> <span class='ocrx_word' id='word_1_356' title='bbox 1028 2990 1281 3035; x_wconf 84' lang='lat' dir='ltr'>arctissimus</span> <span class='ocrx_word' id='word_1_357' title='bbox 1302 3003 1451 3036; x_wconf 86' lang='lat' dir='ltr'>eorum</span> <span class='ocrx_word' id='word_1_358' title='bbox 1473 3004 1568 3036; x_wconf 88' lang='lat' dir='ltr'>cum</span> <span class='ocrx_word' id='word_1_359' title='bbox 1590 2992 1667 3037; x_wconf 86' lang='lat' dir='ltr'>inis</span> <span class='ocrx_word' id='word_1_360' title='bbox 1689 2991 1811 3037; x_wconf 85' lang='lat' dir='ltr'>docet</span> <span class='ocrx_word' id='word_1_361' title='bbox 1841 2993 2087 3045; x_wconf 85' lang='lat' dir='ltr'>connexus),</span> <span class='ocrx_word' id='word_1_362' title='bbox 2118 2992 2186 3035; x_wconf 84' lang='grc' dir='ltr'><strong><em>καὶ</em></strong></span> 
     </span>
    </p>
   </div>
  </div>
 </body>
</html>
