2578 3714
1139 171 1466 217 -34-

358 304 482 360 χορὸς
512 304 789 361 προηθέτηται
820 306 889 348 καὶ
912 302 1024 360 παρὰ
1050 302 1275 362 Ζηνοδότῳ
1298 302 1355 354 ὥς
1378 291 1614 348 εΗσιόιῖειον
1638 305 1742 360 ἔχων
1767 310 2022 362 χαρακτῆρα·
2050 307 2236 362 ’Όμηρος

356 380 438 434 γὰρ
468 379 572 424 κατὰ
601 380 648 423 τὰ
678 379 821 423 κοινὸν
852 377 1033 429 Μούσας
1062 379 1170 434 λέγει
1198 381 1265 422 καὶ
1296 380 1560 430 Εἰλειθυίας.
1601 378 1695 423 ἀλλ’·
1720 379 1798 424 οὐκ
1836 380 2033 436 ὀνόματα.
2075 381 2238 436 γελοῖόν

358 473 399 498 τε
430 456 470 508 ἐξ
501 455 707 509 ὀνόματος
732 454 996 509 προθέμενον
1026 456 1155 497 εἰπεῖν
1191 454 1327 505 πάσας
1366 454 1503 509 ὥσπερ
1541 454 1812 510 ἀποκαμόντα
1848 458 1976 499 εἰπεῖν
2014 457 2161 500 »ἄλλαι
2192 456 2234 500 θ’

360 536 402 575 αἳ
431 530 534 574 κατὰ
558 530 710 586 βένθος
736 526 836 580 ἁλὰς
860 512 1069 586 Νηρηίδες
1090 525 1239 586 ἧσαιω(
1272 528 1296 573 ὁ
1323 531 1369 574 δὲ
1397 533 1705 585 Καλλίστρατος
1734 531 1832 575 οὐδὲ
1863 534 1908 575 ἐν
1938 537 1987 589 τῇ
2016 532 2234 589 Ἀργολικῇ

358 606 577 662 φέρεσθαι·
608 606 655 647 τό
674 621 715 648 τε
746 598 872 648 ἔνθα
903 602 998 650 οὔτε
1017 605 1172 661 χρόνον
1196 609 1384 661 σημαίνει
1411 605 1506 650 οὔτε
1528 604 1680 650 τόπον·
1711 601 1973 651 διακόπτεταί
1992 625 2033 650 τε
2066 607 2091 663 ἡ
2123 609 2231 663 λύπη

355 684 410 738 τῷ
430 678 656 739 καταλόγῳ.
704 679 824 723 Haec
855 683 1021 738 egregie
1052 683 1255 739 disputata
1287 696 1376 724 esse
1406 684 1498 740 quis
1531 687 1678 741 neget?
1724 682 1774 727 Et
1806 684 1993 741 profecto
2020 686 2231 728 nominum

353 760 537 799 recensio
570 773 652 799 non
684 760 816 800 solum
849 773 980 814 aeque
1010 759 1154 814 jejuna
1186 767 1246 801 est
1277 766 1403 814 atque
1432 761 1473 799 in
1506 760 1673 801 Hesiodi
1705 761 1839 816 theog.
1878 763 2125 806 230-264,
2160 761 2230 801 sed

352 836 472 876 etiam
500 842 542 877 ut
575 831 1197 889 hic,quinquagintassNereides
1229 832 1433 889 quinque,
1465 836 1519 877 ita
1550 837 1656 890 apud
1691 835 1920 877 Homerum
1953 837 2111 878 duabus
2142 839 2231 891 qui-

352 924 499 952 norum
535 923 724 951 versuum
758 908 936 965 strophis
969 908 1135 964 triginta
1168 916 1251 952 tres
1285 917 1590 953 enumerantur.

464 986 575 1026 Alius
609 986 722 1026 locus
756 992 816 1025 est
849 986 892 1025 Ω
923 987 1169 1032 614-617,
1202 984 1353 1039 quibus
1385 993 1564 1041 quatuor
1596 987 1781 1028 versibus
1813 1001 1918 1043 quae
1944 988 2135 1029 dicuntur
2168 988 2225 1027 iti-

349 1062 439 1101 dem
484 1069 526 1102 ut
569 1057 779 1101 Ἡσιόδεια
824 1063 881 1116 τῷ
924 1061 1149 1114 χαρακτῆρι
1191 1059 1503 1115 rejiciebantur.
1572 1061 1724 1103 Verum
1769 1064 1875 1104 enim
1921 1077 2019 1105 vero
2064 1071 2102 1104 et
2146 1072 2227 1104 tota

349 1139 589 1192 epexegesis
625 1153 658 1177 v.
690 1141 936 1185 608-617,
970 1151 1048 1192 qua
1080 1137 1179 1179 illud
1211 1135 1398 1177 ἰσάσκετο
1431 1145 1662 1184 enarratur,
1697 1139 1858 1191 ingrate
1889 1153 2053 1180 suavem
2088 1139 2228 1179 Achil—

347 1214 393 1254 lis
415 1214 735 1255 admonitionem
758 1213 1039 1266 interrumpit;
1072 1220 1111 1253 et
1140 1227 1187 1254 ea
1219 1214 1367 1254 iterum
1401 1211 1558 1253 duabus
1590 1220 1748 1254 constat
1780 1214 2001 1268 quinorum
2037 1228 2226 1254 versuum

346 1290 535 1344 strophis.

461 1363 624 1408 Tertius
669 1373 790 1407 restat
830 1365 968 1408 iocus.
1016 1378 1138 1419 quem
1170 1365 1353 1406 certatim
1387 1372 1425 1405 et
1457 1365 1709 1418 antiquiores
1742 1373 1781 1405 et
1813 1367 2063 1407 recentiores
2097 1368 2225 1407 critici

344 1441 705 1498 improbaverunt,
752 1439 994 1483 feminarum
1036 1454 1058 1482 a
1096 1453 1140 1483 se
1172 1452 1499 1496 compressarum
1537 1453 1751 1488 recensus,
1793 1454 1876 1497 quo
1912 1439 2078 1497 Jupiter
2124 1443 2226 1483 male

343 1517 512 1559 callidus
537 1519 741 1559 lunonem
769 1517 808 1557 in
841 1517 903 1557 sui
935 1528 1118 1557 amorem
1151 1515 1342 1570 pellicere
1372 1515 1508 1556 studet
1539 1516 1579 1560 Ξ
1605 1518 1843 1557 317—327.
1895 1515 1953 1558 lbi
1975 1531 2222 1573 quamquam

344 1590 575 1634 Hesiodeus
607 1593 818 1633 character
850 1604 931 1632 uon
963 1591 1112 1632 diserte
1144 1597 1330 1637 notatur,
1377 1591 1623 1645 conspicuus
1662 1597 1795 1632 tamen
1826 1598 1886 1632 est
1927 1618 1977 1622 -
2019 1600 2061 1633 ut
2094 1592 2144 1632 de
2177 1609 2221 1633 re

342 1670 425 1722 ipsa
460 1677 614 1708 taceam
647 1691 699 1696 ——
742 1675 781 1707 et
812 1668 851 1707 in
884 1667 999 1707 initio
1030 1666 1100 1707 illo
1139 1662 1228 1706 οὐδ’
1268 1663 1335 1706 ὅτε
1365 1666 1526 1720 saepius
1558 1667 1734 1721 repetito
1767 1666 1878 1722 quod
1911 1667 2058 1708 mirum
2091 1681 2217 1724 quan—

343 1752 426 1784 tum
460 1742 589 1784 Eoea
602 1757 705 1783 rum
738 1744 842 1796 sapit
873 1742 1092 1782 formulam
1125 1742 1416 1795 copulativam,
1458 1748 1496 1781 et
1527 1741 1569 1781 in
1600 1753 1650 1781 eo
1682 1741 1792 1795 quod
1824 1748 1971 1795 quater
2002 1741 2215 1787 binorum,

341 1818 483 1861 semel.
519 1817 586 1858 ubi
611 1815 773 1858 Semela
806 1824 846 1858 et
874 1816 1071 1858 Alcmena
1105 1812 1253 1857 Thebis
1281 1813 1424 1856 ambae
1445 1814 1645 1856 oriundae
1665 1814 1897 1871 junguntur
1922 1828 1954 1856 v.
1981 1819 2062 1858 323
2087 1820 2217 1859 «4325.

343 1896 462 1935 trium
497 1904 691 1935 versuum
723 1892 919 1934 habemus
950 1892 1170 1945 stropham.

456 1967 538 2011 Sed
581 1970 678 2010 satis
719 1968 805 2023 jam
835 1968 887 2009 de
918 1967 991 2009 bac
1022 1967 1283 2021 stropharum
1316 1967 1514 2008 doctrina.
1579 1968 1712 2019 Quam
1744 1968 1776 2007 si
1807 1968 1875 2023 qui
1908 1975 1946 2007 et
1984 1969 2110 2023 ipsam
2144 1984 2219 2025 pro

347 2046 467 2087 meris
505 2045 682 2099 strophis
719 2043 853 2086 adbuc
893 2052 986 2086 sunt
1028 2042 1227 2090 habituri,
1274 2043 1334 2085 his
1366 2042 1532 2098 quidem
1564 2043 1748 2085 horroris
1780 2044 1910 2097 gratia
1951 2044 2081 2100 legem
2113 2045 2219 2086 illam

341 2122 468 2164 multo
508 2122 624 2163 latius
664 2121 783 2163 etiam
823 2122 863 2163 in
904 2120 1135 2163 Homericis
1166 2118 1415 2162 carminibus
1460 2118 1593 2161 valere
1632 2118 1846 2174 praedico,
1889 2132 2135 2176 quamquam
2179 2124 2214 2163 ei

341 2196 439 2238 fines
472 2196 595 2252 ligere
628 2209 691 2238 res
730 2209 828 2238 sane
861 2194 1033 2238 difficilis
1066 2201 1127 2237 est
1158 2201 1196 2236 et
1232 2193 1399 2237 lubrica.
1463 2190 1547 2236 Sed
1579 2193 1618 2236 id
1650 2193 1794 2237 faciam
1826 2191 1920 2235 alibi
1951 2198 2215 2240 accurratius.
