2578 3714
1152 164 1485 221 -2o÷

657 297 792 356 ᾤκεον
823 295 859 342 δ’
892 296 939 342 ἐν
971 301 1243 354 Πλευρῶνι
1273 300 1354 342 καὶ
1385 299 1592 354 αἰπεινῇ
1624 300 1935 349 Καλυδῶνι,

646 373 818 430 ’Ἄγριος
843 371 921 431 ἠδὲ
951 371 1119 423 Μέλας,
1151 375 1340 430 τρίτατος
1368 370 1407 416 δ’
1436 367 1492 429 ἦν
1522 371 1676 416 ἱππότα
1704 370 1917 423 Οἰνεύς,

364 449 457 490 coll.
492 464 587 492 cum
618 447 661 493 N
694 453 777 493 216
808 464 900 508 sqq.
1482 474 1488 476 ·

659 521 876 580 εἰσάμενος
904 521 1104 581 φθογγὴν
1143 522 1444 580 Ἀνδραίμονος
1472 521 1535 567 υῖι
1567 521 1744 577 Θόαντι,
1779 513 1785 517 “

652 599 700 651 ὃς
728 597 843 658 πάσῃ
876 601 1148 655 Πλευρῶνι
1176 600 1255 642 καὶ
1290 600 1498 657 αἰπεινῇ
1530 601 1799 643 Καλυδῶνι

653 677 907 718 Αἰτωλοῖσιν
936 674 1110 728 ἄνασσε,

366 767 473 808 quae
494 753 731 808 posteriora
748 760 860 810 patet
877 767 972 796 cum
988 751 1178 809 catalogo
1194 753 1449 803 consentire;
1473 760 1559 795 tum
1577 753 1771 811 epyllium
1788 752 1841 795 de
1857 753 2059 806 Meleagri
2076 754 2136 794 ira
2153 752 2264 808 quod

365 830 379 869 l
405 831 490 870 529
512 843 601 885 sqq.
627 829 790 885 legitur,
824 830 894 885 qui
917 843 1011 871 cum
1041 826 1230 879 ξανθὸς
1252 826 1500 882 Μελέαγρος
1524 827 1689 877 dicitur,
1721 827 2021 871 obversabatur
2042 827 2264 884 interpola-

365 905 445 945 tori
479 902 741 946 decantatum
782 903 882 945 illud
922 900 1123 953 ξανθὰς
1159 901 1391 953 Μενέλαος.
1458 903 1648 966 Ineptum
1678 910 1817 946 autem
1849 911 1911 946 est
1943 910 2078 946 totum
2109 902 2264 945 addita-

362 985 563 1029 mentum,
597 976 793 1034 quoniam
815 975 946 1035 Tydei
968 976 1074 1021 tilius
1096 976 1318 1021 Diomedes
1351 976 1462 1021 bello
1484 975 1673 1035 Trojano
1693 978 1885 1027 interest,
1919 979 2012 1021 hinc
2033 978 2085 1021 de
2106 979 2262 1035 patruis

365 1051 457 1108 ejus
488 1060 528 1094 et
559 1066 639 1095 avo
671 1066 723 1094 ne
754 1065 894 1095 sermo
925 1051 1092 1110 quidem
1124 1066 1214 1096 esse
1241 1059 1379 1110 potest
1408 1051 1459 1095 ad
1489 1052 1597 1096 aliud
1631 1066 1778 1096 aevum
1810 1052 2136 1111 pertinentibus!

481 1128 525 1170 ln
558 1126 691 1170 tribus
723 1127 823 1179 illis,
855 1128 927 1185 qui
960 1126 1130 1171 Cretum
1162 1127 1288 1170 indici
1318 1128 1575 1177 inseruntur,
1609 1128 1797 1171 versibus
1828 1129 2056 1172 649-651
2085 1130 2171 1186 jam
2192 1142 2263 1170 an-

362 1204 465 1259 tiqui
498 1204 746 1259 interpretes
779 1204 1093 1260 quaesiverunt,
1126 1204 1226 1260 quid
1249 1204 1323 1255 sit,
1355 1204 1468 1261 quod
1490 1203 1642 1246 Cretae
1672 1205 1737 1247 bic
1767 1211 1990 1251 centum,
2013 1205 2054 1245 in
2077 1203 2261 1261 Odyssea

366 1293 466 1322 vero
497 1294 520 1320 τ
555 1282 637 1322 194
669 1286 828 1322 tantum
861 1279 1152 1337 nonaginta
1183 1279 1309 1323 urbes
1340 1278 1642 1323 adscribantur.
1687 1278 1778 1323 Nos
1810 1279 1977 1337 quidem
2006 1276 2146 1329 λύσεις
2175 1280 2262 1322 illas

359 1355 753 1411 praetermittimus;
799 1356 871 1399 sed
903 1371 954 1398 ex
984 1354 1054 1398 illo
1084 1368 1184 1398 sane
1213 1354 1310 1398 loco
1340 1354 1551 1399 falsarium
1584 1371 1620 1399 v.
1655 1358 1737 1399 649
1769 1355 2011 1413 procudisse
2042 1362 2259 1412 putamus,

361 1433 414 1473 ita
438 1439 575 1473 tamen
601 1439 645 1473 ut
667 1429 838 1486 Κρήτην
870 1429 1188 1485 ἑκατόμπολιν
1213 1456 1261 1463 -
1286 1445 1381 1474 cum
1413 1430 1801 1486 ἐνενηκοντάπυλον
1830 1431 2038 1488 appellare
2061 1445 2144 1474 non
2166 1445 2263 1487 pos-

363 1514 424 1547 set
459 1530 509 1536 ——
543 1520 597 1547 ex
630 1507 645 1548 1
679 1509 781 1553 383,
823 1505 893 1548 ubi
925 1494 1092 1548 Thebae
1120 1506 1350 1562 Aegyptiae
1380 1503 1707 1561 ἑκμτὸμπυλοι
1738 1506 1954 1553 dicuntur.
1988 1514 2260 1548 mutuaretur.

364 1579 461 1623 Duo
500 1582 571 1638 qui
610 1588 765 1625 restant
805 1596 948 1625 versus
988 1596 1040 1624 ex
1078 1579 1112 1624 E
1150 1584 1205 1624 45
1238 1580 1284 1625 -l-
1316 1579 1350 1623 B
1381 1584 1465 1625 655
1509 1590 1549 1625 et
1592 1596 1646 1625 ex
1678 1580 1720 1625 H
1757 1585 1849 1625 166.
1900 1584 1937 1624 Θ
1966 1584 2064 1625 264.
2114 1583 2151 1622 Ρ
2177 1585 2260 1624 259

364 1657 570 1713 desumpti
601 1665 716 1700 sunt:
766 1655 1022 1705 Merionem‚
1066 1657 1264 1714 qnoniam
1294 1656 1451 1714 ubique
1482 1657 1569 1700 fere
1602 1657 1869 1700 idomeneum
1906 1657 2147 1705 comitatur,
2192 1658 2261 1699 ad-

364 1732 544 1775 dendum
578 1735 756 1789 putavit,
788 1733 861 1776 sed
892 1748 986 1775 eum
1020 1748 1100 1775 non
1131 1731 1393 1776 Cretensium
1425 1733 1574 1776 ducem
1606 1747 1755 1776 verum
1788 1729 1951 1775 ὀπάονα
1982 1746 2073 1775 esse
2111 1729 2262 1787 Ἰδομε-

362 1811 464 1861 νῆος
495 1808 647 1851 oblitus
680 1812 762 1850 estl

477 1881 666 1927 Maxime
698 1884 984 1928 memorabiles
1016 1891 1109 1928 sunt
1143 1899 1178 1927 v.
1203 1887 1453 1933 686-694,
1485 1898 1591 1943 quos
1619 1898 1767 1929 ‚omnes
1793 1882 2036 1927 Zenodotus
2062 1897 2141 1941 pro
2163 1898 2261 1941 spu-

361 1962 432 2002 riis
465 1959 627 2008 babuit,
669 1961 736 2003 cui
769 1961 882 2017 quod
914 1962 1155 2017 opponitur:
1195 1959 1415 2016 ἀναγκαῖοι
1444 1959 1493 2006 δέ
1523 1961 1646 2002 εἰσιν·
1689 1957 1739 2002 δι’
1772 1957 1913 2002 αὐτῶν
1950 1958 2031 2015 γὰρ
2062 1961 2261 2015 δηλοῦται

360 2035 423 2077 ὅτι
455 2033 518 2090 ἐφ’
552 2034 715 2077 ἑαυτῶν
746 2036 895 2090 ἔμενον
919 2037 961 2077 οἱ
980 2034 1271 2091 Μυρμιδόνες,
1305 2045 1416 2079 recte
1438 2036 1579 2087 babet,
1612 2035 1840 2078 dummodo
1861 2043 1975 2078 recte
1998 2036 2256 2093 intelligitur:

359 2112 486 2153 additi
526 2119 623 2154 sunt
654 2111 706 2153 ab
738 2126 812 2159 eo,
858 2114 927 2168 qui
960 2114 1189 2169 catalogum
1222 2112 1357 2154 Iliadis
1389 2111 1642 2155 carminibus
1678 2112 1959 2168 applicaturus
1988 2121 2096 2159 erat,
2144 2113 2256 2169 qnod

362 2202 444 2229 non
479 2202 649 2229 necesse
681 2196 744 2230 est
774 2203 795 2229 a
829 2188 1073 2230 Pisistrateis
1103 2188 1270 2230 demum
1303 2188 1458 2231 factum
1490 2201 1592 2230 esse.
1655 2186 1741 2230 Sed
1772 2186 1848 2229 nisi
1878 2187 2020 2236 fallor,
2056 2188 2121 2230 bic
2152 2202 2259 2244 quo-

360 2277 442 2319 que
465 2262 646 2306 duorum
669 2261 869 2306 habemus
890 2262 1232 2320 interpolatorum
1256 2278 1443 2307 manum:
1475 2262 1633 2320 primus
1657 2261 1767 2306 haud
1788 2261 2007 2307 immemor
2029 2262 2130 2320 legis
2151 2270 2261 2305 stro-

361 2338 505 2395 phicae
529 2337 714 2396 quinque
735 2352 880 2382 versus
902 2337 1055 2381 addidit
1076 2341 1320 2388 686—690,
1353 2351 1459 2396 quos
1481 2343 1624 2395 postea
1646 2337 1751 2380 alter
1770 2336 1946 2396 adJectis
1967 2351 2004 2380 v.
2028 2340 2258 2380 691-69ᾰ

360 2416 550 2457 oneravit
582 2415 711 2470 magis
743 2415 864 2456 etiam
896 2415 1065 2457 Achillis
1096 2415 1254 2458 facinus
1285 2423 1526 2458 ornaturus.
1590 2411 1780 2471 Uterque
1810 2427 1917 2457 vero
1948 2414 2055 2456 baud
2088 2414 2258 2457 infelici-

362 2499 446 2537 ter,
480 2490 516 2533 si
547 2504 569 2532 a
602 2489 850 2547 quibusdam
882 2490 1138 2540 discesseris,
1171 2505 1223 2534 ex
1254 2489 1494 2534 Homericis
1524 2504 1598 2532 sua
1629 2490 1884 2546 composuit;
1929 2504 1966 2531 v.
2003 2491 2126 2532 686:
2172 2487 2258 2531 ἀλλ’

361 2568 406 2607 οἴ
431 2563 466 2619 γ’
501 2566 538 2608 Ο
571 2569 675 2615 710;
707 2562 908 2618 πολέμοιο
939 2565 1138 2620 δυσηχέος
1169 2570 1208 2607 Λ
1237 2570 1337 2610 590.
1373 2564 1417 2609 Ν
1450 2570 1543 2609 535.
1579 2569 1623 2607 Σ
1649 2569 1751 2613 307;
1784 2564 1996 2619 ἐμνώοντο
2032 2568 2077 2606 Π
2102 2568 2185 2607 697
2219 2575 2258 2608 et

359 2641 460 2684 illud
505 2641 669 2696 saepius
711 2641 936 2696 repetitum
978 2639 1190 2696 μνήσαντο
1232 2641 1277 2685 δὲ
1314 2639 1474 2697 χάρμης
1523 2666 1573 2672 -
1620 2656 1657 2683 v,
1690 2643 1810 2683 687:
1857 2638 2058 2696 ἡγήσαιτο
2098 2642 2140 2683 in
2179 2641 2259 2683 line

360 2723 380 2768 ζ
406 2719 500 2760 114.
529 2719 634 2767 300;
667 2715 738 2759 sed
772 2716 878 2759 male
910 2731 962 2759 ex
995 2719 1038 2760 Γ
1063 2720 1158 2762 113.
1190 2721 1233 2760 Σ
1260 2721 1358 2761 602.
1398 2719 1437 2760 Y
1461 2719 1544 2761 353
1576 2714 1642 2759 ἐπὶ
1672 2715 1812 2772 στίχας
1842 2716 1879 2760 ei
1911 2715 2040 2760 verbo
2070 2715 2259 2775 adjunxit

358 2818 411 2824 —
448 2807 484 2837 v.
518 2795 638 2837 688:
670 2796 780 2836 κεῖτο
812 2794 827 2836 1
866 2795 964 2835 556.
1022 2795 1065 2835 Ψ
1101 2796 1175 2844 6ος
1224 2791 1270 2836 ἐν
1299 2792 1415 2853 νήσῳ
1443 2796 1555 2836 κεῖτο
1583 2791 1688 2835 infra
1721 2794 1817 2835 721.
1867 2806 1886 2835 ε
1926 2796 2000 2844 13ς
2046 2789 2259 2848 ποδάρκης

355 2872 446 2920 δῖος
474 2867 683 2925 Ἀχιλλεύς
712 2871 952 2926 saepissime
993 2894 1033 2900 —
1072 2885 1108 2913 ν.
1142 2873 1264 2914 689:
1310 2868 1728 2925 Βρισηίδος-κούρης
1757 2872 1793 2912 Α
1826 2872 1929 2918 336;
1974 2866 2185 2924 χωόμενος
2213 2869 2254 2910 in

358 2948 432 2989 hac
469 2946 569 2990 sede
610 2954 650 2989 et
689 2943 895 3000 ἠυκόμοιο
936 2947 977 2989 in
1022 2961 1165 2990 versus
1195 2947 1376 2990 clausula
1410 2945 1520 3000 (alibi
1550 2947 1660 2990 enim
1692 2960 1774 2989 non
1807 2945 1969 3001 legitur)
2002 2945 2164 3001 saepius
2204 2971 2252 2976 —
