2578 3714
306 285 354 328 τὸ
392 284 626 342 Ὀρμένιον.
674 286 724 331 τὸ
763 288 841 344 μὲν
880 282 962 333 οὖν
998 286 1220 345 Ὀρμένιον
1261 286 1401 344 ἀπέχει
1438 290 1513 345 τῆς
1545 286 1843 345 Δημητριάδος
1871 292 1971 347 πεζῇ
2001 291 2198 340 σταδίους

300 360 709 417 {atinati-eima,
757 359 2199 422 ὁδὲτῆςἸωλκοῦτόαοςένὸδῶιιείμενοςτῆςμὲνΔημη-

298 436 474 493 τριάδος
504 437 606 482 ἑπτὰ
637 441 836 491 σταδίους
864 438 1065 495 διέστηκε,
1096 442 1175 484 τοῦ
1204 437 1239 484 δ’
1267 436 1488 496 Ὀρμενίου
1507 441 1608 490 τοῦς
1633 437 1809 490 λοιποὺς
1832 440 2027 491 σταδίους
2053 442 2195 486 εἴκοσι.

301 511 409 558 Tum
441 522 661 572 postquam
693 516 979 572 quaestionem
1021 516 1211 561 tractavit
1246 514 1298 559 ab
1339 515 1518 573 antiquis
1552 514 1771 572 jactatam.
1817 529 1917 560 uum
1948 516 2195 560 Ormenium

305 591 522 634 Phoenicis
554 593 683 648 patria
715 592 862 640 fuerit.
894 606 936 650 p.
972 594 1055 634 1⁵³9
1087 592 1141 636 de
1170 590 1366 651 Hyperea
1396 591 1531 641 sonte.
1566 589 1716 635 Titano
1747 599 1787 634 et
1818 591 1985 635 Asterio
2016 591 2198 635 breviter

301 667 397 722 agit.
459 668 604 725 ltaque
634 666 770 724 primo
799 667 997 725 adspectu
1027 667 1192 717 eadem,
1238 682 1321 731 non
1351 668 1469 726 plura
1501 668 1591 711 loca
1628 668 1672 711 in
1705 669 1891 712 Homero
1928 682 2007 711 suo
2049 668 2198 724 legisse

303 742 489 784 videatur
519 743 800 800 geographus.
864 742 1022 788 Mirum
1064 751 1222 793 tamen,
1269 744 1383 801 quod
1425 750 1467 787 et
1495 742 1666 788 Boebae
1701 744 1946 802 paludisque
1976 742 2199 787 Boebeidis

301 826 426 875 atque
455 818 565 862 Jolci
607 820 759 863 iterum
802 821 898 864 facit
934 822 1210 874 mentionem.
1258 828 1300 863 et
1337 819 1491 864 diserte
1528 820 1707 864 lectores
1746 821 1797 865 ad
1838 835 1933 865 eum
1971 820 2107 864 locum
2147 845 2193 851 —

300 892 331 950 Β
366 899 415 938 15
456 896 510 952 (p.
543 897 640 949 1036)
687 921 739 926 —
782 894 965 952 ablegat,
1008 910 1094 954 quo
1130 896 1182 940 ad
1212 911 1251 939 v.
1286 898 1365 939 7¹¹
1401 892 1554 954 sqsde
1583 894 1745 940 Eumeli
1785 910 1918 954 regno
1946 903 2199 953 exposuerat

300 971 378 1012 ita:
417 966 536 1025 Ἑξῆς
564 968 610 1012 δὲ
639 968 741 1020 τούς
771 966 856 1014 ὑπὸ
886 968 1073 1030 Εὐμήλῳ
1101 969 1343 1034 καταλέγει,
1377 969 1456 1027 τὴν
1484 974 1637 1028 συνεχῆ
1675 973 1908 1028 παραλίαν,
1949 970 2056 1027 ἥπερ
2087 970 2197 1014 ἐστὶν

300 1043 379 1100 ἤδη
409 1045 665 1100 Μαγνησίας
692 1045 762 1090 καὶ
791 1048 866 1103 τῆς
898 1044 1235 1103 Πελασγιώτιδος
1262 1049 1353 1103 γῆς.
1417 1047 1586 1104 Φεραὶ
1625 1046 1705 1104 μὲν
1741 1041 1822 1092 οὖν
1850 1048 1928 1092 εἰσι
1956 1045 2085 1103 πέρας
2113 1047 2197 1089 τῶν

300 1118 573 1175 Πελασγιοὲῶν
614 1123 772 1166 πεδίων
810 1121 933 1178 πρὸς.
961 1121 1039 1179 τὴν
1080 1124 1359 1179 Μαγνησίαν,
1406 1121 1436 1167 ἃ
1475 1124 1715 1180 παρατείνει
1752 1122 1870 1179 μέχρι
1911 1125 1989 1166 τοῦ
2033 1122 2196 1177 Πηλίου

298 1196 496 1248 σταδίους
524 1195 675 1241 ἑκατὸν
705 1196 923 1255 ἐξήκοντα·
968 1196 1154 1243 ἐπίνειον
1184 1197 1229 1243 δὲ
1263 1201 1348 1242 τῶν
1393 1201 1542 1254 Φερῶν
1574 1198 1812 1255 Παγασαὶ
1852 1197 1992 1254 διέχον
2034 1195 2196 1252 ἐννενή-

298 1286 427 1316 κοντα
458 1274 658 1325 σταδίους
686 1271 853 1325 αὐτῶν,
898 1272 1111 1319 Ἰωλκοῦ
1139 1274 1186 1319 δὲ
1216 1277 1365 1320 εἴκοσι.
1412 1272 1438 1331 ἡ
1469 1272 1506 1319 δ’
1548 1272 1712 1326 Ἰωλκός
1740 1272 2020 1318 κατέσκαπται
2047 1272 2125 1328 μὲν
2154 1272 2198 1315 ἐκ

298 1424 536 1480 ναυπηγίας
563 1427 636 1481 τῆς
662 1422 836 1481 Ἀργοῦς
864 1425 933 1468 καὶ
965 1423 1172 1481 Παγασὰς
1199 1423 1396 1481 λέγεσθαι
1423 1423 1664 1481 μυθεύουσι
1692 1423 1769 1470 τὸν
1797 1423 1948 1468 τόπον·
1981 1426 2023 1467 οἱ
2051 1424 2099 1468 δὲ
2125 1438 2191 1466 πι-

267 1506 276 1516 ·
299 1497 547 1554 θανώτερον
570 1501 678 1555 (fort.
704 1502 814 1556 -οι)
840 1499 1045 1556 ἡγοῦνται
1063 1499 1253 1556 τοῦνομα
1272 1504 1332 1560 τῷ
1350 1499 1466 1560 τόκῳ
1484 1504 1659 1557 τεθῆναι
1678 1503 1806 1544 τοῦτο
1826 1499 1913 1544 ἀπὸ
1932 1503 2017 1544 τῶν
2035 1502 2194 1555 πηγῶν.

300 1577 345 1618 αἳ
364 1576 518 1620 πολλαί
533 1591 577 1620 τε
596 1576 665 1620 καὶ
685 1578 875 1629 δαψιλεῖς
894 1575 1058 1631 ῥέουσι·
1087 1578 1267 1634 πλησίον
1295 1575 1342 1621 δὲ
1371 1576 1440 1620 καὶ
1467 1574 1690 1633 Ἀφέται,
1720 1572 1779 1627 ῶς
1807 1573 1864 1620 ἂν
1894 1572 2127 1632 ἀφετήριόν
2155 1591 2191 1616 τι

301 1654 385 1716 τῶν
419 1649 725 1708 Ἀργοναυτῶν.
770 1655 844 1709 τῆς
882 1651 934 1697 δὲ
969 1650 1267 1710 Δημητριάδος
1301 1651 1406 1697 ἑπτὰ
1445 1653 1644 1704 σταδίους
1671 1649 1909 1710 ὑπέρκειται
1937 1654 2011 1709 τῆς
2039 1650 2192 1695 θαλάτ-
2273 1667 2286 1679 ·

300 1743 373 1783 της
411 1726 584 1779 Ἰωλκός.
631 1728 763 1773 ἔκτισε
793 1728 840 1773 δὲ
872 1727 1113 1786 Δημήτριος
1152 1727 1177 1773 ὁ
1217 1728 1507 1786 Πολιορκητὴς
1546 1728 1772 1785 ἐπώνυμον
1807 1728 1962 1773 ἑαυτοῦ
1998 1726 2078 1784 τὴν
2108 1733 2195 1783 Λη-

301 1801 516 1859 μητριάδα
545 1802 698 1860 μεταξύ
730 1806 891 1861 Νηλίας
919 1805 988 1849 καὶ
1019 1807 1234 1861 Παγασῶν
1263 1804 1331 1849 ἐπὶ
1358 1802 1569 1863 θαλάττῃ,
1608 1803 1686 1856 τὰς
1712 1805 1890 1861 πλησίον
1917 1805 2117 1861 πολίχνας
2140 1804 2197 1852 εἰς

301 1876 438 1934 αὐτὴν
467 1881 724 1932 συνοικίσας,
765 1882 932 1936 Νηλίαν
961 1896 1003 1924 τε
1032 1881 1100 1924 καὶ
1134 1878 1340 1936 Παγασάς
1365 1881 1434 1923 καὶ
1462 1878 1749 1936 Ὀρμένιον,
1783 1879 1844 1923 ἔτι
1872 1879 1919 1923 δὲ
1952 1877 2191 1932 Ῥιζοῦντα,

302 1953 520 2010 Σηπιάδα,
549 1952 801 2008 Ὀλιζῶνα,
833 1957 1038 2013 Βοίβην,
1067 1953 1289 2009 Ἰωλκόν,
1319 1958 1364 2000 αἳ
1391 1954 1444 2013 δὴ
1474 1958 1557 2000 νῦν
1581 1966 1661 2000 εισι
1683 1957 1819 2011 κῶμαι
1848 1957 1921 2011 τῆς
1952 1952 2193 2010 Δημητριά-

297 2031 388 2079 δος.
451 2029 534 2074 Hic
564 2032 741 2087 primum
773 2032 948 2076 offendit
977 2032 1220 2089 Pagasas,
1265 2032 1404 2076 locum
1434 2032 1787 2090 antiquissimum,
1834 2031 1877 2074 in
1908 2037 2054 2074 nostro
2084 2037 2194 2073 cata-

301 2107 400 2162 logo
430 2121 513 2150 non
545 2108 769 2158 nominari;
814 2106 965 2152 deinde
995 2108 1183 2153 videmus
1208 2106 1484 2159 Strabonem,
1515 2121 1611 2151 cum
1641 2091 1743 2151 lines
1772 2120 2000 2164 regnorum
2030 2104 2196 2150 Eumeli

302 2191 341 2224 et
380 2180 580 2241 Eurypyli
615 2185 712 2226 satis
756 2185 911 2227 vicinos
953 2193 993 2228 et
1032 2199 1165 2242 paene
1202 2184 1402 2228 confusos
1441 2198 1532 2227 esse
1561 2183 1723 2236 videat,
1768 2183 1852 2241 jam
1895 2183 1975 2225 hoc
2017 2182 2113 2225 loco
2145 2182 2196 2223 de

301 2258 547 2302 Ormenio
579 2273 813 2316 exponere.
847 2262 972 2319 cujus
1002 2270 1042 2305 et
1072 2261 1201 2318 ipsius
1230 2261 1393 2305 incolae
1422 2275 1445 2303 a
1477 2258 1695 2304 Demetrio
1724 2259 1768 2302 iu
1799 2273 1950 2302 novam
1980 2259 2195 2316 cognomi-

300 2346 395 2376 nem
427 2333 574 2377 urbem
607 2334 759 2379 fuerint
789 2337 935 2380 coacti.
983 2335 1061 2383 Cui
1093 2338 1249 2395 oppido
1280 2351 1375 2381 cum
1405 2337 1473 2381 hie
1503 2336 1731 2380 arctissime
1758 2334 1922 2379 Neliam
1955 2343 1997 2378 et
2023 2336 2197 2391 Pagasas

300 2409 387 2452 illas
427 2409 631 2468 adjungat
662 2411 813 2456 diserte
844 2412 896 2455 ab
927 2427 978 2455 eo
1006 2414 1193 2471 quinque
1222 2414 1321 2457 alias
1353 2413 1500 2461 urbes.
1544 2428 1596 2455 ex
1628 2411 1778 2470 quihus
1808 2411 1953 2454 Jolcus
1983 2419 2026 2454 et
2055 2409 2198 2453 Boebe

301 2486 498 2534 Eumelo,
533 2486 682 2530 Olizon
717 2502 751 2529 v.
776 2491 857 2531 717
889 2489 1145 2533 Philoctetae
1174 2491 1429 2545 adsignatur,
1461 2503 1675 2546 separaum
1708 2503 1803 2531 cum
1833 2502 1966 2545 porro
1995 2487 2037 2529 in
2067 2486 2199 2528 altero

298 2562 393 2604 loco
424 2562 476 2604 ad
507 2559 762 2605 Boebeidem
794 2564 983 2619 paludem
1014 2580 1157 2609 rursus
1190 2573 1442 2612 revertatur,
1475 2566 1581 2609 haud
1614 2565 1702 2608 scio
1732 2579 1783 2607 an
1815 2564 1923 2620 ipsas
1952 2563 2041 2606 illas
2068 2562 2194 2606 urbes

295 2638 377 2681 hoc
408 2637 498 2681 fere
530 2637 657 2681 modo
688 2647 783 2695 post
814 2653 851 2682 v.
884 2644 970 2684 734
999 2642 1163 2699 legerit:

590 2715 777 2769 Νηλείην
809 2715 1011 2770 Παγασάς
1039 2733 1084 2760 τε
1113 2719 1241 2771 παραὶ
1274 2719 1477 2773 Βοιβηίδα
1507 2718 1671 2773 λίμνην.
1834 2774 1836 2776 v

296 2788 424 2834 Certe
455 2791 555 2834 olim
587 2791 630 2833 in
662 2792 963 2835 constituendis
994 2793 1260 2837 finitimorum
1291 2808 1519 2850 regnorum
1546 2792 1697 2837 finibus
1726 2791 1936 2837 turbatum
1962 2805 2052 2835 esse
2077 2791 2199 2834 etiam

289 2881 349 2909 ex
380 2866 428 2910 iis
472 2873 670 2924 apparet,
718 2881 825 2924 quae
862 2868 991 2912 schol.
1022 2869 1075 2913 ad
1106 2869 1228 2915 Pind.
1259 2870 1378 2929 Pyth.
1413 2868 1492 2916 lv,
1523 2872 1604 2914 221
1647 2869 1799 2913 refert:
1846 2864 1936 2911 κατ’
1979 2865 2117 2916 ἐνίους
2158 2864 2201 2907 δὲ

294 2941 360 2983 καὶ
392 2940 601 2993 ἔκδυσις
630 2946 732 2998 παρ’
761 2939 931 3001 Ὁμήρῳ
963 2942 1096 2995 οὕτως
1126 2943 1229 3000 ἔχει·

539 3081 550 3097 ι
583 3020 623 3061 οἳ
654 3016 704 3061 δὲ
741 3015 883 3072 Φερὰς
914 3016 1111 3073 ἐνέμοντο
1142 3019 1219 3064 ἰδὲ
1250 3019 1449 3076 κρήνην
1477 3017 1760 3074 Ὑπέρειαν.
