2578 3714
1138 165 1464 210 „23-

357 300 567 345 commodi
584 300 625 355 (1)
648 300 739 343 εἰν(
773 298 922 357 Apage
941 299 1151 357 ejusmodi
1172 296 1389 343 artifieia‘a
1408 298 1551 356 pingui
1581 298 1930 342 consu-'umoris
1959 299 2141 353 ingenio,
2176 299 2243 342 cui

357 378 391 419 si
421 378 539 434 lepor
567 375 739 424 inesset,
773 381 920 431 putare
949 380 1166 432 possemus
1196 387 1294 418 eum
1322 373 1457 417 facete
1483 374 1698 433 παρφῦεῖν
1727 372 1907 416 voluisse
1930 372 2031 416 illud
2055 374 2245 417 suavissi-

358 465 470 495 mum
500 466 526 503 ρ
559 454 639 495 101
671 452 805 507 sq.·(v
836 453 922 493 594
950 452 1047 507 sq.)‚
1079 450 1192 507 quod
1221 451 1496 507 conqueritur
1524 448 1762 505 Penelope:

648 551 695 558 —
729 524 823 581 ἤτοι
852 524 960 580 ἐγών
987 523 1243 581 ὗπερῶιον
1273 526 1585 580 εἰσαναβᾶσα

645 600 812 657 λέξομαι
843 603 901 652 εἰς
928 599 1076 658 εὐνὴν,
1105 599 1135 657 ἦ
1162 615 1236 656 μοι
1264 598 1492 644 στονόεσσα
1518 599 1720 644 τέτυκται.

361 677 445 720 Sed
478 678 576 721 nihil
606 679 693 727 ille,
725 678 802 720 nisi
832 679 957 720 stulte
985 679 1029 720 in
1060 678 1360 721 unius.versus
1389 678 1598 731 angustiae
1626 678 1837 719 contraxit
1868 679 1916 717 Π
1944 678 2025 718 181·
2056 689 2116 731 sq.

646 749 797 796 αὐτίκα
826 750 863 796 δ’
894 753 963 802 εἰς
991 749 1178 811 ὑπερῷ’
1208 749 1414 807 &valide
1440 749 1694 808 παρελέξατο
1722 748 1864 806 λάθρῃ

643 825 833 884 Ἑρμείας
861 826 1066 884 ἀκάκητα,
1097 826 1228 883 πόρεν
1257 826 1304 871 δέ
1335 827 1377 871 οἱ
1404 824 1571 885 ἀγλαὸν.
1590 824 1710 877 υἱόν,

362 904 502 946 addito
540 912 699 951 tamen.
747 896 941 960 quoniam
984 905 1049 947 bic
1078 903 1280 947 Mercurii
1317 904 1424 946 filius
1463 917 1488 945 a
1522 903 1738 962 Polymela
1778 904 1938 958 virgine
1976 903 2110 945 editus
2146 901 2246 943 ibid.

363 983 453 1036 180,
476 978 766 1034 παρθένιος
794 979 929 1028 audit.
961 980 1079 1023 initio
1108 977 1323 1033 παρθένος
1351 979 1490 1034 αἰδοίη
1518 993 1571 1022 ne
1600 977 1680 1022 boc
1710 979 1877 1035 quidem
1908 979 1998 1021 siue
2028 978 2245 1035 exemplo:

361 1053 435 1097 cfr.
475 1054 611 1113 hymn.
652 1053 780 1097 Hom.
821 1055 884 1098 ed.
916 1052 1166 1108 W01f.v27‚
1197 1058 1236 1099 2.
1277 1053 1358 1105 28,
1389 1058 1430 1099 3.
1490 1053 1701 1100 Nimirum
1739 1053 1908 1111 putabat
1939 1054 2065 1098 bomo
2106 1061 2250 1098 noster

362 1130 561 1173 Actorem
592 1138 781 1187 patrem
812 1144 900 1172 esse
932 1132 1186 1189 Astyoche,
1218 1145 1295 1173 nec
1330 1133 1449 1174 aliter
1477 1144 1579 1182 sane
1609 1131 1864 1172 recentiores
1893 1131 2162 1187 interpretes,
2195 1145 2249 1173 ex

362 1206 512 1262 quibus
541 1205 732 1264 Heyuius
761 1207 823 1249 ad.
859 1221 895 1248 v.
928 1210 1012 1249 512
1043 1207 1166 1259 banc,
1205 1208 1346 1250 neseio
1376 1207 1505 1255 unde,
1535 1213 1796 1250 commentus
1827 1214 1888 1248 est
1918 1207 2110 1263 stirpem:
2156 1205 2250 1249 Er-

361 1283 510 1339 ginus
542 1309 595 1315 ——
627 1282 799 1326 Areus
830 1308 886 1314 -—
916 1282 1077 1327 Actor
1108 1309 1159 1316 —
1191 1284 1467 1342 Astyoche.
1530 1283 1678 1326 Potius
1719 1291 1763 1326 ut
1794 1285 1989 1326 Actorem
2027 1298 2106 1340 pro
2130 1298 2250 1326 ⁴ma-

362 1359 468 1401 rito
509 1358 745 1418 Astyoehae
783 1366 823 1402 et
864 1373 944 1415 pro
984 1359 1147 1402 mortali
1186 1366 1302 1416 patre
1339 1357 1668 1415 Martigenarum
1710 1357 1804 1416 ejus
1846 1357 2028 1401 filiorum
2070 1357 2249 1403 habitam

362 1447 453 1476 esse
491 1441 702 1489 putemus,
747 1441 788 1477 et
829 1435 1076 1477 Actoriones
1116 1434 1191 1485 illi,
1232 1434 1283 1476 de
1321 1434 1471 1491 quibus
1509 1442 1609 1476 uota
1648 1440 1711 1476 est
1752 1432 1971 1477 Welckeri
2008 1432 2249 1490 disputatio.

362 1509 537 1551 suadere
583 1509 798 1561 videntur,
854 1523 1032 1567 quorum
1079 1523 1208 1552 verus
1253 1516 1371 1566 pater
1411 1507 1632 1566 Neptunus
1677 1517 1765 1551 erat
1813 1511 1852 1549 A
1896 1511 2142 1552 750—752.
2210 1511 2285 1550 Ψ·

363 1587 611 1633 638-642,
643 1593 684 1627 et
712 1586 798 1641 ipsa
827 1586 895 1627 illa
926 1586 1156 1643 Polymel'a,
1193 1599 1318 1642 quam
1348 1585 1525 1646 vitiatam
1556 1587 1607 1625 H
1631 1587 1714 1627 189
1745 1599 1807 1641 sq.
1864 1581 2082 1639 Ἐχεκλῆος
2110 1600 2251 1638 κρατε-

269 1706 277 1711 ,
364 1658 442 1712 ρόν
471 1658 597 1713 μένος
623 1657 919 1716 Ἀκτορίδαο
947 1656 1200 1715 Ἠγάγετο.
1247 1659 1378 1713 Quid,
1409 1660 1445 1702 si
1474 1658 1632 1702 Actor
1661 1660 1750 1702 sive
1778 1658 2051 1702 Actorides
2081 1662 2253 1704 omnino

367 1750 461 1780 eum
483 1735 703 1791 significet.
736 1736 808 1793 qui
837 1736 1053 1780 mulierem
1085 1736 1223 1780 divino
1249 1736 1405 1780 semine
1426 1736 1670 1793 completam
1694 1737 1736 1780 in
1763 1736 2074 1780 matrimonium
2105 1737 2254 1781 ducat

365 1813 515 1869 deique
546 1812 704 1869 prolem
736 1818 942 1869 tamquam
973 1826 1090 1855 snam
1121 1812 1262 1855 tollat?

479 1887 616 1932 Multo
645 1888 903 1931 innocentior
934 1888 1060 1931 altera
1091 1896 1153 1932 est
1181 1888 1445 1946 interpolatio
1474 1903 1512 1931 v.
1534 1891 1639 1938 614,
1671 1903 1753 1947 qua
1774 1888 1928 1932 diserte
1947 1889 2020 1933 sed
2039 1890 2248 1937 inutiliter,

363 1979 439 2008 cur
469 1964 702 2008 Arcadibus
733 1972 779 2007 ut
814 1964 1049 2007 hominibus
1086 1964 1396 2008 mediterraneis
1436 1978 1556 2007 naves
1588 1966 1877 2021 Agamemnon
1906 1966 2250 2021 suppeditaverit,

363 2039 581 2083 indicatur.
642 2038 733 2083 Nec
768 2039 903 2083 fontes
942 2039 1037 2098 ejus
1068 2054 1211 2084 versus
1241 2040 1410 2084 obscuri
1446 2047 1559 2083 sunt:
1601 2048 1642 2084 et
1678 2037 1885 2097 Ἀτρείδης
1925 2055 2069 2084 versus
2109 2041 2247 2090 initio,

365 2124 406 2157 et
435 2114 521 2158 ἐπεὶ
552 2113 606 2158 οὔ
635 2125 711 2170 σφι
740 2116 783 2157 in
812 2115 997 2158 secundo
1029 2116 1235 2173 tertioque
1264 2115 1370 2173 pede
1396 2115 1555 2173 saepius
1582 2117 1782 2173 positum;
1813 2114 2023 2159 θαλάσσια
2053 2116 2154 2172 ἔργα
2182 2132 2251 2172 με·

363 2189 483 2246 μήλει
512 2205 566 2234 ex
595 2205 615 2233 ε
635 2193 689 2233 67
711 2191 858 2234 hausit.
911 2189 1156 2235 Zenodotus
1185 2206 1222 2242 y.
1245 2193 1476 2235 612-614
1503 2191 1547 2234 in
1576 2193 1856 2250 suspicionem
1887 2207 2056 2237 vocasse
2085 2193 2250 2237 dicitur.

367 2266 563 2323 Ejusdem
583 2266 739 2310 farinae
761 2274 823 2309 est
844 2267 1000 2310 inutilis
1023 2265 1159 2310 Ulixis
1178 2267 1370 2325 repetitio
1392 2283 1430 2311 v.
1453 2271 1534 2311 636
1557 2282 1755 2325 expressa
1776 2283 1831 2311 ex
1858 2272 1951 2312 169.
1973 2272 2073 2312 407.
2095 2272 2138 2312 K
2155 2273 2251 2311 137.

480 2340 587 2385 Cum
619 2341 752 2384 adhuc
782 2342 998 2398 ejiciendis
1029 2342 1218 2386 versibus
1248 2357 1466 2386 numerum
1496 2344 1732 2401 quinarium
1764 2344 2092 2395 restituerimus,
2124 2359 2254 2389 unum

368 2425 495 2461 restat
524 2417 757 2461 membrum
794 2432 833 2461 v.
866 2420 1113 2469 731ι-737,
1160 2419 1273 2476 quod
1304 2427 1487 2476 quatuor
1516 2426 1674 2463 tantum
1707 2419 1896 2463 versibus
1927 2420 2052 2463 hodie
2080 2428 2254 2463 constat.

365 2493 448 2537 Sed
477 2493 536 2536 ibi
566 2507 696 2536 unum
719 2493 974 2536 intercidisse
1001 2507 1085 2535 non
1113 2494 1249 2536 solum
1269 2508 1345 2551 per
1364 2508 1409 2537 se
1431 2495 1651 2538 verisimile
1672 2502 1732 2538 est
1755 2509 1809 2537 ex
1829 2494 1922 2552 lege
1941 2495 2011 2538 illa
2031 2495 2257 2539 certissime

365 2570 472 2627 jam.
504 2578 550 2613 ut
579 2572 753 2627 opinor,
786 2569 965 2619 firmata,
997 2570 1072 2613 sed
1102 2569 1207 2614 adeo
1238 2584 1289 2613 ex
1319 2569 1474 2614 iudicio
1504 2570 1684 2628 quodam
1715 2579 1830 2628 patet
1858 2572 1979 2624 satis,
2013 2572 2091 2615 nisi
2121 2572 2255 2620 fallor,

368 2647 592 2690 luculento.
648 2645 812 2689 Etenim
844 2644 998 2690 Strabo
1028 2644 1116 2696 IX,
1147 2644 1190 2695 5,
1229 2649 1279 2690 18
1311 2648 1364 2703 (p.
1396 2648 1495 2701 438)
1532 2646 1642 2691 hunc
1678 2648 1816 2690 locum
1857 2648 1919 2691 his
1962 2647 2100 2692 verbis
2139 2663 2260 2692 enar·

367 2738 462 2766 rare
488 2723 650 2780 incipit:
696 2720 745 2765 τὸ
775 2721 853 2778 μὲν
882 2715 962 2766 οὖν
998 2720 1216 2778 Ὀρμένιον
1256 2725 1338 2766 νῦν
1374 2721 1590 2779 Ὀρμίνιον
1629 2727 1833 2775 καλεῖται,
1880 2723 1967 2767 ἔστι
2005 2722 2043 2768 δ’
2084 2722 2170 2769 ὑπὸ
2206 2729 2263 2783 τῷ

367 2798 512 2859 Πηλίῳ
551 2795 670 2856 κώμη
706 2795 811 2842 κατὰ
847 2796 925 2843 τὸν
955 2795 1242 2855 Παγασιτικὸν
1278 2795 1440 2844 κόλπον
1476 2800 1560 2844 τῶν
1600 2797 1925 2860 συνῳκισμένων
1963 2802 2022 2853 είς
2054 2799 2134 2858 τὴν
2170 2806 2262 2858 Δη-

365 2872 573 2931 μητριάδα
612 2873 793 2929 πόλεων,
841 2871 899 2926 ὥς
940 2876 1111 2933 εἴρηται.
1179 2872 1357 2933 ’.ἀνάγκη
1397 2875 1447 2920 δὲ
1483 2876 1554 2920 καὶ
1594 2874 1672 2933 τὴν
1717 2870 1924 2935 Βοιβηίδα
1963 2879 2114 2935 λίμνην
2155 2875 2263 2923 εἶναι

359 2952 554 3006 πλησίον,
600 2950 740 3008 ἐπειδὴ
772 2951 840 2995 καὶ
877 2948 902 3008 ἦ
941 2952 1074 3009 Βοίβη
1102 2954 1189 2996 τῶν
1230 2954 1496 3010 περιοικίδων
1531 2946 1586 3010 ἦν
1622 2956 1698 3010 τῆς
1728 2953 2031 3011 Δημητριάδος
2060 2955 2128 2998 καὶ
2158 2953 2263 2999 αὐτὸ
