2578 3714
1142 232 1340 278 -15
1419 259 1469 263 --

344 363 421 404 τὸν
451 365 687 421 στρατηγὸν
712 365 858 407 αὐτῶν
888 367 1113 409 Μενεσθέα
1143 368 1309 415 αἰνέσας
1322 400 1333 414 ,
1369 365 1427 415 ὥς
1455 367 1626 410 πάντων
1655 371 1718 420 εἴη
1748 367 1918 419 ἄριστος
1954 366 2073 419 τάξαι
2110 367 2235 419 πεζὸν

347 440 527 492 στρατὸν
556 443 622 483 καὶ
655 441 833 490 ἱππότας
861 442 909 484 ἐν
936 444 1074 485 τοῖσδε
1101 449 1190 492 τοῖς
1218 442 1358 486 ἔπεσιν
1387 427 1494 486 εἶπε·

627 517 720 560 τῶν
734 510 851 562 ὥθ’
882 512 1096 574 ἡγεμόνευ’
1125 515 1218 569 υἱὸς
1249 514 1418 563 Πετεῶο
1446 514 1721 570 Μενεσθεύς·

634 594 693 651 τῷ
722 588 885 638 δὀῦιω
912 606 975 644 τις
1004 590 1151 650 ὅμοιος
1180 590 1422 651 ἐπιχθόνιος
1449 590 1575 649 γένετ’
1606 591 1716 651 ἀνήρ

634 670 843 724 κοσμῆσαι
871 666 1025 719 ἵππους
1052 683 1096 713 τε
1125 670 1195 712 καὶ
1225 667 1377 724 ἀνέρας
1406 666 1678 718 ἀσπιδιώτας.
1796 706 1814 733 ,

344 744 507 784 Αἴαντα
532 742 577 785 δὲ
604 743 681 785 τὸν
708 747 955 799 Τελαμῶνος
983 746 1055 786 καὶ
1085 747 1371 799 Σαλαμινίους
1400 743 1447 786 ἐν
1473 747 1582 787 νεῶν
1604 743 1824 802 καταλόγῳ
1855 743 1967 795 ἔταξε
1988 741 2094 796 πρὸς
2111 740 2232 797 Ἀθη-

341 820 491 867 ναίους
519 818 652 872 λέγων
681 815 761 861 ὦδε
779 834 788 842 ·

632 897 740 944 Αἴας
768 893 810 937 δ’
839 895 886 938 ἐκ
916 898 1160 951 Σαλαμῖνος
1189 894 1290 951 ἆγεν
1319 896 1569 939 δυοκαίδεκα
1598 898 1726 951 νῆας,

629 973 752 1025 στῆσε
782 967 820 1013 d'
850 968 985 1027 ἄγων,
1016 969 1071 1015 ’ἶν’
1099 968 1336 1027 Ἀθηναίων
1365 973 1534 1015 ἵσταντο
1564 969 1788 1027 φάλαγγες.

341 1045 440 1102 lpsa'
467 1045 589 1089 verba
623 1046 845 1104 adscripsi,
890 1054 937 1090 ut
964 1054 1183 1105 appareret
1215 1061 1269 1090 ex
1301 1048 1429 1105 hujus
1459 1047 1626 1105 quidem
1657 1049 1856 1090 sententia
1889 1060 1971 1107 non
2006 1052 2161 1088 tantum
2196 1062 2230 1085 v.

340 1124 446 1168 558.
479 1121 532 1163 de
562 1135 648 1178 quo
679 1136 702 1163 a
734 1120 894 1165 Solone
924 1123 1088 1166 demum
1119 1124 1290 1166 invecto
1331 1130 1525 1166 constans
1563 1130 1651 1166 erat
1689 1123 1954 1179 antiquorum
1992 1123 2231 1164 criticorum

339 1197 446 1240 fama
471 1221 519 1228 ——
551 1198 631 1241 vid.
664 1198 794 1241 scbol.
825 1196 898 1241 BC
928 1198 980 1241 ad
1012 1213 1049 1241 v.
1082 1202 1181 1242 494.
1213 1202 1296 1242 557
1326 1208 1369 1241 et
1399 1199 1438 1241 A
1467 1199 1518 1241 ad
1551 1201 1593 1241 Γ
1617 1201 1720 1249 230;
1754 1199 1861 1241 Plut.
1892 1197 1977 1243 Sol.
2008 1195 2073 1247 X:
2105 1196 2228 1251 Diog.

341 1271 476 1313 Laert.
501 1273 539 1319 1,
573 1277 619 1318 2,
652 1276 731 1322 A&
756 1272 908 1315 Strab.
940 1272 1024 1321 tx,
1057 1275 1099 1322 1,
1137 1278 1187 1317 10
1220 1277 1272 1330 (p.
1306 1278 1391 1318 394
1422 1275 1541 1329 Cas).
1576 1276 1646 1331 qui
1667 1275 1719 1317 ab
1741 1275 1831 1316 aliis
1862 1274 2123 1317 Pisistratum
2155 1286 2232 1328 pro

337 1349 637 1403 interpolatore
670 1349 811 1391 haberi
842 1348 995 1398 refer-13
1030 1359 1071 1392 et
1100 1349 1175 1393 cfr.
1215 1348 1387 1393 Aristot.
1427 1349 1595 1394 Rhetor.
1629 1348 1671 1398 l,
1707 1352 1782 1398 15,
1818 1351 1869 1392 13
1902 1355 1943 1392 et
1973 1346 2144 1402 Quintil.
2178 1346 2228 1393 V,

344 1427 415 1471 11,
450 1426 528 1471 40,
564 1425 635 1481 qui
666 1439 759 1468 eum
794 1437 956 1468 versum
991 1437 1102 1478 „non
1132 1425 1175 1468 in
1206 1424 1319 1469 omni
1350 1425 1530 1474 editione
1560 1424 1761 1482 reperiri“
1797 1423 1896 1467 dicit
1929 1447 2000 1471 ——-,
2033 1423 2103 1465 sed
2136 1437 2229 1464 cum

342 1514 392 1540 eo
410 1500 546 1541 ’etiam
577 1500 889 1542 antecedentem
921 1513 1088 1543 versum
1109 1501 1345 1544 Atticorum
1373 1504 1502 1558 gratia
1533 1503 1735 1544 insertum
1757 1515 1859 1544 esse.
1911 1501 1963 1542 Et
1983 1500 2086 1542 hanc
2107 1500 2230 1541 unius

341 1574 477 1630 Ajacis
516 1575 742 1617 Telamonii
794 1575 1007 1618 fortissimi
1058 1576 1176 1619 ducis
1224 1577 1475 1620 mentionem
1518 1578 1643 1621 unico
1684 1590 1819 1633 eoque
1860 1575 2102 1618 tenuissimo
2140 1589 2230 1616 ver-

340 1651 470 1693 siculo
512 1651 743 1693 absolutam
784 1663 876 1694 esse
916 1651 979 1693 vel
1021 1651 1060 1694 ei
1091 1664 1264 1708 prorsus
1294 1651 1533 1696 incredibile
1566 1652 1775 1701 videatur,
1822 1651 1894 1708 qui
1932 1650 1983 1693 de
2022 1649 2229 1706 strophica

340 1726 514 1781 catalogi
553 1726 645 1783 lege
686 1726 820 1769 adbuc
858 1726 1033 1770 dubitet.
1095 1726 1240 1784 Itaque
1276 1736 1347 1770 aut
1386 1728 1515 1770 solitis
1546 1729 1680 1785 quinis
1719 1726 1905 1769 versibus
1936 1727 2057 1768 etiam
2088 1725 2229 1782 Ajacis

338 1801 460 1854 origo
492 1801 752 1859 militumque
783 1803 913 1857 patria
945 1803 1041 1846 olim
1073 1803 1355 1850 indicabatur,
1388 1812 1458 1846 aut
1490 1801 1703 1846 Salaminii
1735 1801 1871 1844 herois
1903 1803 2099 1843 memoria
2131 1815 2230 1856 qua-

337 1878 546 1932 licumque
582 1878 633 1920 de
674 1893 795 1921 causa
836 1894 858 1921 a
890 1884 1009 1936 poeta
1047 1877 1224 1922 Boeotio
1261 1879 1323 1921 vel
1360 1880 1548 1936 ignorata
1579 1885 1640 1921 est
1672 1878 1734 1921 vel
1764 1890 1998 1934 suppressa.
2041 1876 2115 1920 ,Et
2146 1877 2223 1919 boc

337 1952 503 2009 quidem
550 1961 594 1996 ut
640 1961 868 2006 statuatur,
924 1953 1098 1998 suadere
1144 1954 1336 1997 videntur
1387 1968 1494 2012 quae
1539 1954 1688 1998 Strabo
1735 1955 1760 1996 l.
1814 1967 1874 2001 c.‚
1920 1961 2137 2009 postquam
2186 1966 2226 1992 v.

336 2032 421 2071 558
453 2030 541 2072 aliis
575 2031 745 2072 Homeri
774 2031 875 2073 locis
906 2030 1099 2087 redargui
1131 2031 1305 2078 notavit,
1344 2030 1474 2073 addit:
1512 2031 1554 2072 οἱ
1580 2028 1658 2083 μὲν
1693 2028 1746 2083 δὴ
1782 2028 2000 2084 Ἀθηναῖοι
2029 2025 2226 2081 τοιαύτην

334 2102 429 2145 τινὰ
460 2101 704 2159 σκήψασθαι
733 2107 968 2160 μαρτυρίαν
997 2103 1095 2159 παρ’
1122 2102 1311 2159 Ὀμήρου
1341 2107 1564 2156 δοκοῦσιν,
1606 2107 1647 2147 οἱ
1674 2104 1721 2147 δὲ
1752 2108 1963 2158 Μεγαρεῖς
2001 2101 2196 2146 ἀντιπα
2215 2130 2225 2133 -

334 2182 571 2235 ρῳδῆσαι
603 2179 752 2230 οὕτως·
1920 2170 1934 2184 ’

625 2257 730 2307 Αἴας
760 2253 793 2299 δ’
827 2255 873 2300 ἐκ
904 2260 1145 2313 Σαλαμῖνος
1175 2255 1277 2313 ἄγεν
1305 2256 1423 2311 νέας,
1457 2256 1503 2301 ἔκ
1531 2271 1573 2301 τε
1606 2258 1814 2312 Πολίχνης

625 2332 669 2375 ἔκ
697 2329 731 2375 τ’
764 2331 1067 2389 Αὐγειρούσσης
1098 2335 1279 2390 Νισαίης
1307 2348 1349 2375 τε
1385 2331 1610 2389 Τριπόδων
1640 2347 1695 2375 τε.

339 2404 457 2448 Unde
487 2408 579 2463 quis
612 2423 692 2451 non
723 2411 864 2467 inepte
896 2410 1124 2468 conjecerit
1156 2424 1382 2467 numquam
1413 2410 1556 2468 plures
1587 2409 1640 2452 de
1670 2409 1803 2466 Ajace
1834 2416 1955 2452 notos
1984 2408 2111 2450 fuisse
2134 2421 2223 2449 ver-

333 2495 416 2523 sus.
482 2482 743 2540 Quamquam
776 2485 883 2529 haud
914 2487 1002 2529 scio
1033 2501 1084 2528 an
1114 2485 1371 2543 probabilius
1412 2487 1533 2527 etiam
1575 2486 1615 2527 in
1660 2484 1847 2527 versibus
1886 2485 1983 2532 illis,
2030 2498 2135 2540 quos
2178 2483 2229 2523 de

330 2573 408 2600 suo
442 2558 609 2602 finxisse
641 2561 834 2604 dicuntur
865 2561 1156 2617 Megarenses,
1204 2563 1404 2618 reliquiae
1434 2576 1652 2619 superesse
1682 2567 1882 2618 putentur
1911 2559 2085 2604 mutilati
2118 2558 2225 2603 Atti-

329 2649 476 2678 corum
508 2636 759 2690 malignitate
790 2638 975 2694 catalogi.
1038 2637 1445 2697 Quomodocumque
1474 2637 1689 2690 statuitur,
1740 2649 1907 2680 versum
1936 2635 2051 2680 illum
2089 2635 2227 2678 solita·

328 2711 438 2753 rium
469 2710 557 2767 jam
590 2726 673 2753 non
709 2727 854 2754 vereor
884 2728 937 2755 ne
967 2713 1058 2773 quis
1091 2721 1257 2755 nostrae
1289 2712 1501 2755 doctrinae
1532 2713 1586 2755 sit
1616 2713 1897 2768 oppositurus.
2108 2719 2112 2726 “

446 2788 545 2833 Non
588 2791 721 2830 minus
761 2799 902 2845 aperte
941 2791 990 2831 ad
1023 2790 1104 2831 hoc
1134 2804 1265 2845 genus
1297 2788 1563 2834 referendum
1596 2795 1658 2831 est
1700 2788 1984 2842 longissimum
2016 2795 2056 2830 et
2086 2786 2225 2842 splen-

329 2868 586 2908 didissimum
619 2880 754 2920 eoque
791 2864 843 2906 ab
876 2864 1087 2908 Hesiodeo
1119 2866 1262 2908 colore
1293 2852 1615 2908 diversissimum
1650 2864 1880 2919 episodium
1913 2863 1966 2906 de
1998 2859 2226 2918 Tlepolemi

329 2943 454 2985 rebus
488 2958 524 2984 v.
560 2944 809 2988 658-670,
853 2939 906 2983 de
935 2956 1018 2998 quo
1059 2939 1247 2997 pluribus
1279 2944 1492 2997 exponere
1522 2952 1604 2982 non
1637 2952 1742 2995 opus
1785 2946 1846 2981 est
1877 2945 1970 2994 post
2008 2951 2077 2985 ea.
2119 2951 2226 2994 quae

328 3020 413 3062 od.
458 3017 721 3062 Miillerus
764 3018 804 3059 in
840 3017 984 3072 Aegio.
1026 3031 1064 3073 p.
1096 3019 1152 3059 42
1186 3016 1274 3071 (cfr.
1307 3016 1362 3059 id.
1400 3015 1501 3060 Dor.
1536 3015 1570 3062 l.
1612 3028 1651 3072 p.
1690 3018 1784 3058 109.
1828 3014 2010 3070 prolegg.
2051 3013 2222 3070 mythol.
