2578 3714
1115 164 1447 208 ‚22—

334 297 513 356 denique
535 296 709 341 ἐσθλὸν
750 295 876 342 ἐόντα
915 296 959 342 X
1001 299 1098 341 176.
1169 299 1313 356 ltaque
1354 296 1516 355 majore
1557 296 1733 342 fortasse
1774 297 1873 356 jure
1912 300 1951 344 hi
1992 314 2136 345 versus
2176 302 2224 345 ad

335 374 503 417 tertium
523 375 768 431 mulgarium
798 373 1162 432 interpolationum
1193 387 1324 431 genus
1353 373 1604 418 referantur.

450 448 515 493 De
546 451 773 493 Philocteta
804 452 984 513 primum
1014 449 1172 493 bonum
1196 450 1400 493 hahemus
1431 464 1596 493 versum
1629 454 1733 497 723.
1765 452 2080 508 interpositum,
2111 461 2157 497 ut
2182 457 2222 496 in

334 526 457 568 variis
484 526 537 569 de
564 527 791 569 Philocteta
822 526 971 569 fabulis
1001 525 1137 569 clades
1168 526 1257 583 ejus
1287 526 1520 569 accuratius
1546 525 1853 582 designaretur;
1885 517 1956 570 {ed
1980 541 2015 569 v.
2038 531 2126 572 724
2145 544 2221 586 sq..

331 615 435 660 quos
465 604 550 658 J'am
579 602 819 646 Zenodotus
849 599 1072 658 ἠθέτηκεν,
1106 601 1159 645 ab
1190 601 1336 645 eodem
1368 601 1538 645 adsutos
1568 615 1678 651 esse,
1712 603 1781 660 qui
1808 616 1845 645 v.
1873 606 2103 648 691—694
2123 618 2221 661 pro—

328 679 468 726 cudit,
501 692 661 720 summa
693 679 915 735 utriusque
945 679 1135 721 foeturae
1165 678 1391 721 similitudo
1421 679 1615 721 ostendit.

441 754 665 797 Postremo
707 761 881 811 propter
920 754 1028 798 illam
1066 753 1290 797 amborum
1335 753 1600 810 Lapitharum
1643 753 1924 812 Polypoethae
1965 761 2005 799 et
2048 757 2219 800 Leontei

324 829 508 872 aristiam
539 843 649 887 quae
687 830 731 873 Μ
767 832 848 873 129
879 843 968 888 sqq.
999 828 1151 886 legitur
1191 854 1244 861 —
1287 829 1408 872 etiam
1453 831 1502 870 Ψ
1534 832 1764 873 836-849
1794 831 1836 873 iu
1868 830 1968 874 disci
1995 832 2219 875 certamine

324 905 639 962 conjunguntur
665 930 711 935 —
738 904 926 962 adjectos
957 917 1048 946 esse
1079 918 1227 948 versus
1258 907 1488 947 7152-746
1521 906 1674 948 nemini
1703 906 1812 963 jam,
1845 907 2014 963 opinor,
2044 907 2217 950 dubium

323 981 413 1022 erit.
475 979 649 1023 Praeter
678 979 794 1022 illum
825 980 965 1023 locum
997 980 1119 1023 etiam
1151 980 1187 1023 A
1219 982 1449 1023 262—268
1478 981 1685 1038 respexit,
1719 981 1829 1024 unde
1860 990 1900 1026 et
1932 981 2142 1027 Caeneum
2174 993 2215 1026 et

320 1057 432 1113 ipsos
470 1054 630 1099 Pheres
671 1055 828 1106 hausit:
870 1069 1126 1115 vquamquain
1163 1056 1254 1100 aliis
1292 1056 1481 1114 iusuper
1503 1056 1708 1116 bonisque
1747 1046 1932 1102 sontibus
1974 1072 2093 1102 usum
2125 1072 2215 1102 esse

322 1147 373 1174 ex
407 1131 629 1175 Aethicum
661 1139 702 1174 et
734 1132 894 1175 Coroni
924 1133 1134 1175 mentione
1163 1146 1365 1190 apparere
1395 1132 1576 1175 videtur.
1638 1135 1793 1176 Verum
1824 1135 1866 1175 in
1899 1134 2083 1177 versibus
2113 1149 2216 1177 con-

319 1208 532 1251 cinnandis
563 1223 680 1251 suam
711 1208 895 1251 indolem
926 1208 1061 1251 celare
1092 1222 1177 1251 non
1208 1209 1361 1265 potuit:
1410 1223 1447 1251 ν.
1480 1212 1564 1251 742
1594 1210 1785 1266 imperite
1816 1217 1857 1252 et
1887 1223 2118 1266 pronomen
2150 1225 2215 1253 re-

318 1285 485 1328 lativum
519 1284 681 1339 (eodem
715 1285 841 1328 modo
863 1292 909 1328 ut
931 1283 1030 1338 629)
1062 1291 1104 1327 et
1133 1282 1271 1328 τέκετο
1302 1300 1354 1328 ex
1387 1289 1466 1328 741
1505 1286 1716 1343 repetivit.
1750 1293 1965 1342 praeterea
1996 1290 2092 1330 7¹10.
2115 1289 2212 1331 728.

318 1359 360 1403 X
392 1362 449 1404 48
480 1361 668 1419 aliosque
699 1361 816 1405 locos
847 1359 1071 1417 expressit;
1119 1374 1155 1402 v.
1187 1363 1271 1403 'na
1304 1360 1445 1403 tritum
1476 1360 1575 1404 illud
1606 1359 1732 1416 ἤματι
1761 1363 1820 1419 τῷ
1858 1362 1955 1405 satis
1993 1361 2211 1406 infeliciter

315 1435 502 1478 adhibuit
532 1436 584 1479 ad
616 1436 924 1493 significandam
956 1449 1138 1492 pugnam
1169 1436 1278 1478 inter
1304 1434 1497 1492 Lapithas
1528 1444 1569 1478 et
1595 1435 1850 1489 Centauros,
1884 1451 2009 1493 quam
2040 1438 2081 1479 in
2114 1439 2210 1494 ipsis

316 1512 489 1554 Pirithoi
521 1520 561 1555 et
591 1510 896 1569 Hippodamiae
927 1511 1079 1568 nuptiis
1110 1518 1332 1568 pugnatam
1366 1525 1455 1554 esse
1486 1518 1680 1554 constans
1712 1519 1801 1554 erat
1831 1512 1959 1560 fama.
1993 1526 2052 1555 ne
2083 1512 2209 1570 hujus

315 1587 480 1643 quidem
511 1588 609 1636 loci,
644 1587 758 1644 quod
790 1588 972 1636 mireris,
1006 1588 1251 1630 auctoritate
1281 1587 1456 1630 turbata.
1505 1586 1597 1630 Nec
1627 1589 1668 1630 in
1699 1588 1798 1644 ipsis
1829 1587 1967 1630 verbis
1998 1588 2103 1631 ultra
2137 1603 2209 1631 no-

316 1673 395 1705 tam
423 1664 682 1706 contextoris
701 1670 833 1706 artem
855 1662 1089 1705 adscendit:
1122 1660 1285 1705 ἐτίσατο
1316 1676 1368 1705 ex
1397 1663 1553 1719 aliquot
1575 1660 1787 1719 Odysseae
1813 1662 1912 1705 locis
1937 1662 2206 1720 deprompsit,

316 1755 366 1781 ex
399 1738 548 1796 quibus
586 1739 777 1796 proxime
808 1738 964 1782 accedit
995 1755 1018 1781 ο
1047 1740 1135 1782 235
1164 1753 1224 1797 sq.
1271 1736 1424 1794 ἤλασε
1464 1740 1567 1794 βοῦς
1604 1735 1828 1795 ἐριμύκους
1864 1736 1931 1790 Ἐς
1971 1736 2119 1783 Πύλον
2156 1739 2206 1783 ἐκ

317 1812 514 1870 Φυλάκης
549 1814 619 1857 καὶ
660 1813 893 1864 ἐπείσακτος
944 1821 1029 1857 tum
1069 1821 1109 1858 et
1151 1812 1381 1871 λαχνήεντα
1413 1813 1582 1857 Vulcani
1613 1813 1770 1870 στήθεα
1801 1813 1997 1857 dicuntur
2029 1818 2073 1857 Σ
2097 1819 2201 1863 415,

313 1898 351 1932 et
383 1891 492 1934 idem
525 1890 778 1948 adjectivum
811 1893 827 1933 1
859 1893 943 1934 548
975 1891 1023 1934 de
1053 1892 1143 1949 apri
1171 1891 1279 1948 pelle
1310 1890 1481 1942 dicitur;
1514 1904 1599 1946 nec=
1622 1890 1747 1934 verba
1778 1884 1858 1934 ὦσε
1887 1891 1956 1934 καὶ
1987 1891 2204 1934 Αἰθίκεσσι

309 1965 513 2009 πέλασσεν
541 1968 681 2010 multis
713 1975 855 2010 carent
887 1968 1104 2024 analogiis,
1138 1982 1192 2011 ex
1224 1967 1374 2025 quibus
1405 1983 1420 2009 ι
1451 1971 1505 2010 39
1542 1965 1760 2010 Κικόνεσσι
1792 1965 2018 2016 πέλασσεν,
2057 1981 2202 2024 quam-

309 2058 431 2101 quam
455 2044 591 2101 aptius
616 2043 669 2087 de
695 2052 820 2087 vento
852 2043 1021 2092 dicitur,
1055 2044 1192 2087 verbis
1224 2051 1358 2086 tamen
1384 2044 1564 2086 maxime
1589 2043 1831 2100 respondet;
1863 2040 1941 2086 οὐκ
1972 2039 2080 2095 οἷος,
2114 2041 2200 2098 ἅμα

306 2121 364 2177 τῷ
394 2135 440 2173 γε
474 2122 517 2161 Ω
547 2122 644 2163 573.
685 2121 712 2173 β
742 2123 810 2163 tt.
856 2122 897 2161 Γ
931 2123 1018 2162 143.
1063 2136 1090 2161 α
1122 2123 1217 2162 331.
1255 2130 1282 2161 σ
1313 2122 1395 2162 207
1428 2119 1601 2177 legitur:
1649 2119 1743 2162 hinc
1774 2126 1814 2161 et
1846 2125 1988 2161 nostro
2020 2132 2071 2161 ex
2105 2119 2198 2162 loco

304 2195 534 2252 desumpsit
566 2196 812 2239 novissimus
842 2197 1113 2253 interpolator
1142 2195 1246 2238 infra
1278 2210 1315 2237 v.
1345 2197 1452 2245 822;
1487 2193 1696 2244 Λεοντεὺς
1724 2192 1820 2246 ὄζος
1844 2192 2000 2250 ’Ἄρηος
2024 2194 2200 2237 habetur

303 2275 360 2313 M
385 2274 469 2316 188
492 2280 533 2315 et
561 2274 610 2313 Ψ
633 2275 736 2323 841;
770 2279 980 2329 postremo
1010 2270 1101 2321 υἱὸς
1129 2268 1397 2327 ὑπερθύμοιο
1420 2296 1475 2301 —
1502 2273 1552 2312 Ψ
1575 2273 1659 2313 302
1690 2277 1731 2312 et
1754 2270 1979 2324 Κρείοντος
2008 2267 2196 2325 ὑπερθύ-

300 2362 399 2401 μοιο
431 2344 630 2403 θύγατρα
660 2351 684 2389 λ
715 2350 812 2390 269.

414 2422 560 2467 Restat
604 2424 762 2465 tertia
803 2424 946 2466 classis
978 2424 1365 2480 interpolatiouum‚
1414 2422 1554 2480 quales
1598 2421 1752 2478 ubique
1797 2421 2192 2478 deprehenduntur.

298 2498 448 2555 quibus
479 2499 642 2542 literam
678 2496 712 2540 C
742 2499 923 2555 appinxi.
969 2500 1138 2542 Praeter
1171 2514 1204 2540 v.
1239 2501 1489 2547 707--709,
1523 2498 1571 2539 de
1605 2496 1754 2555 quibus
1785 2496 1871 2554 jam
1903 2497 2082 2544 dictum,
2115 2497 2192 2539 huc

295 2574 439 2618 refero
466 2589 635 2619 versum
665 2575 981 2618 insulsissimum
1014 2577 1097 2619 514

583 2648 802 2707 παρθένος
832 2651 990 2706 αἰδοίη,
1019 2648 1228 2707 ὑπερώιον
1259 2652 1535 2705 εἰσαναβᾶσα,

294 2730 364 2771 ubi
388 2729 501 2785 quod
524 2730 664 2784 inepte
687 2727 872 2770 refertur
904 2729 1157 2784 virginem
1179 2729 1219 2770 in
1242 2727 1466 2771 thalamum
1490 2726 1549 2769 ad
1581 2727 1688 2784 pari
1703 2725 1884 2770 endum
1916 2723 2188 2770 adscendisse.

291 2804 330 2847 id
363 2803 677 2862 interpretando
708 2803 865 2849 frustra
898 2818 1114 2849 removere
1145 2803 1393 2849 studuerunt
1424 2800 1638 2862 Heynius,
1685 2801 1751 2846 cui
1797 2800 1975 2857 „dictum
2009 2813 2099 2844 esse
2131 2800 2188 2842 vi·
2216 2856 2223 2866 l
2251 2852 2253 2855 Α

291 2882 417 2925 detur
448 2895 526 2939 pro
556 2881 731 2939 simplici
764 2879 901 2924 ἔτεκεν
931 2878 978 2923 ἐν
1005 2882 1275 2936 παρθενῶνι,
1318 2879 1507 2938 adeoque
1536 2878 1578 2922 in
1610 2878 1735 2922 domo
1768 2885 1957 2937 paterna,
2006 2876 2189 2919 nondum

289 2959 499 3007 elocata“,
541 2965 579 3001 et
619 2956 885 3016 Freytagius,
930 2958 1007 3015 qui
1042 2956 1248 3015 conjungi
1290 2956 1374 3000 vult
1407 2952 1629 3010 »ἀναβᾶσα
1658 2953 1804 3010 Ἀρηι,
1852 2956 1906 2998 ita
1947 2962 1990 2997 ut
2031 2949 2191 2996 dativus
