2578 3714
1115 164 1446 211 ἢ18ὴ

334 305 523 339 naturam
556 300 791 355 respexisse
820 299 1094 355 interpolator
1116 299 1295 347 videtur,
1319 300 1441 355 -quod
1463 306 1600 341 tamen
1622 298 1798 341 fideliter
1818 301 2103 354 repetiverunt
2124 299 2229 341 Plio.

331 370 384 414 N.
420 374 471 415 H.
502 372 580 425 lv,
612 373 659 427 8,
695 379 764 422 15,
796 377 868 418 81.
908 376 1058 418 Lucan.
1090 372 1170 425 Vl,
1203 377 1287 417 3⁷5
1317 388 1430 431 sqq„
1465 381 1510 417 nt
1541 373 1607 417 hic
1637 374 1803 431 quidem
1838 387 1980 417 versus
2011 376 2148 429 potius
2179 374 2234 417 ad⁴

333 448 558 491 secundam
589 436 965 494 additam-'torum
996 448 1166 492 classem
1196 449 1442 493 referendus
1471 450 1537 494 sit.

453 522 541 568 Sed
552 524 602 567 ad
614 525 786 581 primam
799 523 1005 581 pertinent
1017 523 1152 578 etiam,
1167 519 1613 583 quamquam'paullum
1623 524 1775 567 diversi
1785 532 1880 567 sunt
1890 526 2065 579 generis,
2082 527 2231 581 singuli

336 614 481 643 versus
503 601 620 643 litera
642 613 667 643 a
688 600 840 652 notati,
872 599 1023 658 quihus
1044 587 1236 644 locorum
1258 600 1612 644 enumerationem
1633 600 1768 643 serius
1795 600 2041 656 completam
2070 615 2160 643 esse
2189 603 2230 643 in

335 676 596 719 Boeotorum
620 684 660 719 et
675 676 889 720 Arcadum
903 675 1037 719 indice
1058 675 1128 719 lex
1149 677 1299 720 violata
1316 677 1508 720 clamitat.
1540 676 1689 720 Paullo
1704 676 1903 719 incertius
1920 676 1985 719 hic
2001 690 2104 726 esse,
2126 690 2232 734 quos

334 753 474 808 potius
502 745 646 795 ve'rsus
677 753 818 796 manui
848 752 1148 809 interpolatrici
1178 752 1403 801 adscribas,
1434 752 1521 810 jam
1552 767 1678 810 supra
1709 752 1925 795 admonui:
1960 760 2096 795 tamen
2128 761 2229 808 puto

333 829 441 871 haud
465 828 726 886 improbabili
750 829 990 886 conjectura
1011 843 1050 871 v.
1077 832 1174 872 505.
1198 832 1295 881 5οῖ.
1319 832 1402 871 607
1428 843 1451 871 a
1472 843 1540 872 me
1561 836 1724 872 notatos
1746 842 1848 871 esse.
1887 827 1932 870 V.
1956 831 2040 871 505
2062 841 2231 884 magno-

333 919 435 960 pere
469 919 617 947 vereor
648 919 699 946 ne
728 904 820 946 illae
846 900 1085 958 ’Τποθῆβαι
1118 904 1239 947 tantis
1270 903 1596 948 dubitationibus
1634 903 1845 947 obnoxiae
1878 929 1930 937 -
1961 904 2035 947 cfr.
2067 912 2231 960 praeter

334 979 488 1022 scholia
522 977 662 1022 Strab.
695 976 782 1027 tx,
812 975 867 1028 2,
903 981 958 1023 32
992 980 1044 1037 (p.
1077 980 1175 1035 412)
1210 1004 1264 1010 —
1296 993 1501 1039 nusquam
1533 979 1610 1023 nisi
1647 980 1688 1022 in
1721 980 1896 1040 bominis
1928 979 2079 1023 falsarii
2112 993 2229 1022 cere-

334 1054 441 1097 bello
470 1054 627 1097 fuerint
658 1052 845 1109 πόλισμα
876 1051 1125 1109 ἀνώνυμον·
1164 1053 1215 1098 οὐ
1244 1053 1327 1111 γὰρ
1358 1054 1536 1111 εὔλογον
1572 1052 1813 1111 στρατεύειν
1846 1056 2059 1110 Θηβαίους
2086 1056 2230 1097 νεωστὶ

335 1128 403 1171 ὑπ’
440 1126 637 1184 Ἀργείων
667 1128 982 1184 πορθηθὲντας.
1046 1129 1152 1174 Tum
1186 1145 1222 1173 v.
1257 1135 1341 1174 507
1373 1133 1513 1174 Arne
1558 1155 1606 1162 —
1650 1129 1714 1173 ὅτι
1753 1128 1831 1185 οὐχ
1866 1127 2097 1186 εὑρίσκεται
2127 1128 2231 1171 κατὰ

330 1203 432 1256 τοὺς
476 1203 692 1259 Τρωικοὺς
728 1202 909 1261 χρόνους
942 1202 1076 1261 ’Λρνη
1105 1203 1226 1257 πόλις
1256 1207 1480 1257 Βοιωτίας,
1529 1215 1570 1250 et
1607 1206 1684 1250 cfr.
1721 1206 1773 1249 de
1809 1206 2021 1249 notissima
2050 1204 2232 1248 Aeolen-

330 1283 437 1324 sium
470 1282 717 1337 migratione
749 1279 878 1323 Thuc.
911 1281 951 1329 l,
988 1284 1050 1322 12.
1082 1279 1207 1324 Diod.
1240 1282 1311 1334 lv,
1334 1286 1388 1325 67
1413 1307 1465 1313 -
1488 1283 1594 1324 adeo
1625 1282 1800 1324 offensui
1832 1281 1910 1323 suit
1939 1281 2118 1338 antiquis
2149 1283 2229 1323 cri-

334 1359 445 1408 ticis,
478 1366 525 1400 nt
545 1366 617 1399 aut
646 1354 816 1412 Τάρνην
845 1357 907 1398 vel
936 1354 1121 1412 ’Ἄσκρην
1151 1357 1436 1405 emendarent,
1468 1366 1539 1400 aut
1568 1356 1853 1399 Chaeroneam
1877 1358 1939 1399 vet
1968 1356 2228 1399 Leontarnen

333 1433 539 1489 quandam
562 1434 678 1475 innui
701 1433 1003 1488 confingerent,
1035 1440 1108 1475 aut
1129 1447 1223 1475 eum
1245 1434 1366 1476 simul
1390 1447 1485 1475 eum
1515 1431 1678 1476 Midea
1712 1440 1753 1475 et
1773 1434 1861 1489 ipsa
1881 1433 2066 1490 alioquin
2087 1433 2230 1490 ignota

339 1510 449 1553 lacus
483 1506 676 1566 Copaidis
707 1507 900 1551 fluctibus
932 1507 1118 1551 haustam
1151 1522 1240 1551 esse
1270 1508 1555 1566 perhiberent:
1591 1508 1671 1552 vid.
1709 1516 1874 1566 praeter
1904 1508 2057 1552 scholia
2090 1507 2228 1551 Strab.

335 1587 358 1627 l.
392 1600 424 1628 c.
468 1589 521 1629 35
564 1587 615 1642 (p.
654 1587 768 1640 413).
835 1584 1028 1641 Denique
1059 1588 1097 1628 ν’,
1129 1588 1214 1628 607
1247 1586 1467 1641 Tegeam
1498 1593 1538 1628 et
1567 1583 1897 1633 Mantineam,
1947 1585 2094 1642 oppida
2132 1599 2230 1626 sane

337 1661 635 1716 posterioribus
669 1661 925 1717 temporibus
957 1661 1135 1704 maxima
1166 1668 1207 1704 et
1238 1660 1525 1709 celeberrima,
1568 1660 1805 1704 Homericis
1840 1674 1943 1703 vero
1979 1659 2230 1703 carminibus

334 1736 514 1794 alioquin
546 1736 707 1792 ignota,
740 1736 1000 1780 verisimilius
1027 1745 1088 1780 est
1117 1743 1261 1794 postea
1292 1735 1428 1780 addita
1459 1751 1560 1786 esse,
1596 1751 1718 1794 quam
1749 1735 1995 1779 obscuriora
2027 1735 2228 1793 quaedam

336 1827 442 1870 quae
476 1827 511 1854 v.
545 1815 787 1855 604-606,
821 1816 904 1856 608
943 1813 1137 1870 leguntur
1168 1814 1349 1857 nomina.
1412 1812 1476 1856 De
1507 1812 1639 1856 trihus
1670 1813 1731 1856 his
1764 1812 1952 1856 versibus
1984 1826 2079 1855 cum
2110 1811 2227 1855 dubi-

337 1891 413 1931 tari
444 1890 592 1945 possit,
627 1897 770 1931 contra
803 1898 917 1931 certo
949 1891 1099 1932 certius
1131 1898 1193 1932 est
1225 1904 1262 1932 V.
1299 1893 1381 1932 535

626 1967 823 2016 Λοκρῶν,
858 1967 898 2006 οἳ
927 1966 1093 2007 ναίουσι
1123 1963 1255 2020 πέρην
1285 1966 1396 2021 ἱερῆς
1425 1962 1613 2020 Εὐβοίης

338 2044 517 2098 ineptam
551 2055 640 2083 esse
668 2040 933 2097 geographici
956 2040 1168 2096 magistelli
1190 2041 1519 2094 adnotationem,
1552 2042 1640 2098 qui,
1677 2033 1771 2084 cum
1799 2037 1955 2083 Locros
1976 2039 2067 2082 illos
2089 2039 2230 2082 distin-

335 2132 467 2174 guere
501 2117 620 2159 vellet
647 2115 697 2159 ab
723 2116 863 2160 Ozolis
890 2125 931 2159 et
957 2114 1240 2175 Epizephyriis
1271 2124 1416 2173 postea
1447 2116 1613 2159 demum
1644 2116 1744 2159 haec
1776 2116 1941 2158 nomina
1972 2114 2226 2171 gerentibus,

333 2193 620 2236 scholasticam
642 2192 880 2248 sapientiam
904 2192 1041 2235 verbis
1058 2207 1113 2235 ex
1136 2191 1326 2236 Homero
1348 2193 1577 2250 desumptis
1604 2216 1648 2223 -
1676 2206 1731 2235 ex
1753 2193 1835 2233 625
1858 2205 1920 2248 sq.
1951 2189 2045 2232 coll.
2068 2194 2109 2231 A
2132 2192 2228 2232 103.

360 2271 467 2323 121.)
508 2284 542 2323 φ
584 2271 675 2311 108.
715 2270 760 2310 Ω
798 2272 881 2310 75⁶2
927 2293 972 2298 —
1017 2269 1239 2326 expressit,
1288 2268 1340 2312 de
1376 2268 1481 2311 salso
1521 2267 1708 2311 adverbii
1746 2265 1877 2323 πέρην
1911 2279 1989 2308 usu
2027 2279 2225 2312 securus.

334 2361 458 2404 quem
500 2344 674 2388 abusum
717 2345 860 2387 vellem
893 2359 971 2387 nec
1003 2343 1274 2388 Buttmannus
1304 2346 1345 2388 in
1379 2345 1489 2388 lexil.
1527 2346 1580 2394 lt,
1616 2347 1672 2388 26
1703 2357 1791 2402 sqq.
1829 2341 2106 2391 defendisset,
2155 2357 2229 2385 nec

332 2438 428 2465 cum
457 2420 815 2479 Payne-Knightio
857 2423 979 2464 etiam
1022 2421 1362 2464 Bernhardus
1409 2421 1752 2465 Thierschius
1789 2420 1841 2463 de
1881 2426 1984 2475 patr.
2027 2416 2154 2461 Hom.
2187 2434 2226 2475 p.

333 2503 418 2542 269
454 2498 677 2556 „rhapsodi
709 2499 924 2556 cujusdam
957 2498 1152 2561 qlsiatici‘*
1188 2513 1278 2542 esse
1308 2505 1503 2555 putasset.
1557 2497 1734 2542 'l'antum
1765 2494 2024 2541 auctoritatis
2054 2503 2126 2538 aut
2157 2495 2229 2538 ho-

332 2577 447 2619 noris
480 2590 565 2618 non
596 2575 703 2618 inest
732 2575 773 2617 in
806 2574 1010 2633 ejusmodi
1038 2575 1316 2619 centunculis!

446 2652 515 2693 Ad
547 2651 916 2707 secundamjam
937 2651 1309 2694 additamentorum
1342 2652 1511 2693 classem
1544 2661 1729 2699 transeo,
1762 2666 1869 2708 quae
1899 2651 2111 2692 lliadica
2143 2651 2228 2690 sive

332 2728 533 2784 poetica
553 2726 769 2782 appellavi,
793 2727 987 2783 quoniam
1010 2742 1055 2770 ea
1076 2726 1270 2782 rhapsodi
1292 2741 1344 2771 eo
1365 2728 1541 2771 consilio
1563 2728 1905 2776 interseruerunt,
1927 2734 1973 2769 ut
1994 2724 2227 2779 catalogum

329 2811 399 2846 aut
433 2817 527 2846 cum
561 2802 651 2845 aliis
682 2802 810 2858 ipsius
843 2800 980 2844 Iliadis
1009 2802 1194 2859 partibus
1226 2803 1354 2860 magis
1386 2802 1735 2851 consentientem,
1777 2811 1847 2845 aut
1878 2801 2137 2844 accuratiore
2168 2799 2230 2851 fa-

329 2880 452 2922 bulae
484 2880 726 2921 narratione
757 2879 928 2921 omnino
960 2878 1228 2922 illustriorem
1260 2880 1496 2922 redderent.
1548 2877 1665 2922 Haec
1685 2879 1978 2927 additamenta,
2014 2876 2229 2934 quaesere

330 2972 380 3000 ex
421 2956 522 3014 ipsis
564 2953 754 3000 versibus
797 2955 1099 3013 phrasibusque
1140 2953 1378 3001 Homericis
1410 2964 1583 3001 consuta
1625 2963 1740 3004 sunt,
1790 2955 1906 2999 litera
1945 2953 1980 2998 B
2017 2952 2222 3009 insignivi.
